3634 5242
916 373 955 444 35

287 571 318 641 5,
334 565 383 641 22,
402 571 434 630 1:
498 575 568 646 post
591 585 619 630 a.
643 569 682 628 54
706 565 828 646 (exped.
851 561 943 644 Brit).

288 682 318 749 5,
335 682 384 750 25,
402 683 436 739 4:
501 687 573 756 post
594 695 622 738 a.
646 679 687 738 55
710 674 851 755 (Rhenus
873 684 969 752 ponte
991 675 1156 751 traiectus),
1180 675 1221 736 44
1242 671 1343 755 (divus
1362 671 1476 753 Iulius).

290 791 338 859 13,
355 791 404 859 35,
422 791 454 849 3:
498 796 572 864 post
594 805 621 849 a.
642 790 684 847 44
707 783 813 862 (supra
834 803 862 860 p.
886 780 947 860 31).

290 901 338 966 16,
354 902 383 966 t,
400 901 433 957 1:
498 905 622 974 posta.
648 897 696 969 36,
731 911 793 971 quo
817 893 968 952 coloniam
991 893 1284 954 Tauromenitanam
1314 905 1390 972 puto
1415 898 1584 969 conditam,

496 1025 561 1064 non
590 1023 617 1065 a.
642 1007 691 1074 21,
724 1013 758 1062 ut
786 1003 892 1062 statuit
919 1003 1127 1062 Mommsenus
1163 999 1268 1083 (supra
1290 1025 1321 1082 p.
1343 1001 1408 1082 32).
1453 1007 1585 1065 Primum

506 1115 588 1173 enim
608 1115 706 1172 verbis
728 1113 837 1171 Dionis
860 1115 909 1190 54,
926 1115 944 1173 7
969 1131 1032 1171 non
1054 1115 1279 1172 demonstratur
1297 1115 1537 1174 Tauromenium
1557 1135 1584 1176 a.

502 1227 539 1283 21
564 1224 732 1282 deductam
754 1239 830 1297 esse,
854 1213 925 1279 n'am
944 1238 1059 1278 nomen
1074 1221 1139 1280 eius
1157 1241 1220 1280 non
1235 1223 1417 1299 appellatur.
1461 1223 1585 1282 Deinde

500 1333 617 1391 incolas
649 1333 731 1390 urbis
755 1332 874 1391 videtur
894 1331 1023 1391 eiecisse
1049 1329 1237 1390 Octavianus
1260 1334 1345 1408 quod
1368 1351 1439 1392 eam
1458 1334 1489 1391 in
1504 1335 1585 1392 bello

500 1441 648 1500 Siciliensi
675 1441 786 1500 frustra
814 1441 975 1518 temptavit
1007 1439 1099 1516 (App.
1121 1442 1151 1502 b.
1175 1461 1201 1502 c.
1226 1442 1355 1517 5,110).
1400 1443 1495 1516 Quod
1523 1445 1587 1501 fieri

499 1551 649 1626 potuita.
671 1552 721 1620 36,
754 1567 817 1625 quo
841 1549 1043 1608 Octavianum
1071 1565 1161 1624 agros
1191 1551 1403 1626 adsignandos
1427 1551 1587 1631 defecisse,

501 1669 534 1717 ut
558 1659 652 1718 etiam
674 1676 776 1716 emere
799 1675 853 1717 eos
877 1667 1048 1736 cogeretur,
1069 1667 1201 1717 testatur
1222 1659 1283 1717 Dio
1300 1658 1423 1719 Cassius
1446 1659 1587 1737 (49‚14),

502 1787 565 1828 nou
587 1788 614 1830 a.
638 1771 674 1826 21
701 1777 748 1826 tot
769 1769 858 1826 annis
880 1767 1014 1843 dilapsis.
1057 1768 1238 1844 Appellatus
1263 1777 1424 1844 praeterea
1446 1770 1588 1830 Octavia-

499 1897 557 1936 nus
580 1879 599 1938 l.
620 1879 639 1936 l.
663 1875 785 1948 Caesar,
804 1895 867 1936 non
888 1851 1053 1953 Augustus.

292 1992 340 2058 16,
360 1991 408 2059 70,
425 1991 459 2050 6:
502 1996 573 2064 post
596 2003 623 2048 a.
644 1989 685 2047 44
708 1981 815 2066 (supra
836 2005 866 2063 p.
890 1981 953 2066 31).

290 2101 340 2168 32,
359 2101 410 2168 27,
425 2101 458 2158 3:
502 2105 575 2174 post
596 2115 625 2156 a.
646 2099 686 2156 46
711 2095 849 2173 (centum
871 2095 934 2153 fere
956 2097 1043 2154 annis
1064 2106 1136 2172 post
1158 2095 1337 2156 Corinthum
1362 2099 1519 2173 deletam),
1546 2102 1586 2157 44

501 2204 602 2280 (divus
625 2201 742 2281 Iulius).

391 2317 436 2373 Ac
457 2315 529 2372 mihi
553 2315 679 2394 quidem
702 2322 818 2372 certum
840 2314 960 2372 videtur
974 2313 1147 2374 Diodorum
1162 2317 1380 2377 bibliothecam
1396 2335 1483 2376 suam
1504 2337 1586 2378 com·

293 2425 438 2501 posuisse
461 2425 533 2480 inde
556 2408 594 2481 ab
619 2441 701 2480 anno
724 2422 787 2480 fere
809 2425 850 2483 60
872 2439 968 2499 usque
990 2426 1032 2482 ad
1053 2443 1167 2483 annum
1188 2429 1237 2487 30.
1282 2428 1420 2503 Triginta
1438 2429 1519 2486 enim
1534 2449 1587 2488 an·

294 2535 341 2592 uis
371 2533 446 2590 dicit
474 2551 508 2590 se
537 2535 565 2589 ei
593 2549 719 2608 operam
745 2549 874 2590 navasse
900 2535 1008 2591 studiis
1035 2543 1067 2591 et
1093 2536 1250 2595 itineribus
1273 2531 1316 2616 (1,
1333 2543 1362 2612 4,
1381 2539 1420 2612 1).
1464 2539 1586 2597 Initium

294 2649 398 2701 autem
421 2641 575 2699 scribendi
598 2642 816 2718 materiemque
830 2643 963 2716 cogendi
977 2643 1088 2701 fecisse
1103 2645 1222 2703 videtur
1237 2664 1297 2722 quo
1313 2653 1451 2724 tempore
1464 2649 1586 2725 Aegyp-

291 2761 356 2809 tum
379 2751 456 2834 adiit
477 2751 495 2810 i.
519 2769 545 2812 e.
568 2769 595 2810 a.
620 2751 659 2809 60
682 2749 723 2826 (1,
739 2753 788 2826 44,
806 2756 832 2810 1.
853 2754 900 2822 83,
918 2754 952 2825 8;
976 2754 1004 2822 3,
1023 2755 1072 2822 ll,
1089 2751 1129 2830 3).
1175 2754 1315 2826 Quocum
1338 2758 1452 2834 optime
1476 2777 1586 2818 conve-

290 2862 377 2918 niunt
401 2861 577 2918 testimonia
601 2859 712 2918 Suidae
740 2857 856 2932 γέγονε
884 2857 919 2920 δὲ
950 2857 1005 2936 (se.
1027 2857 1045 2921 ὁ
1068 2859 1254 2940 Διόδωρος)
1283 2861 1336 2926 ἐπὶ
1364 2868 1431 2930 τῶν
1460 2866 1587 2944 χρόνων

291 2965 481 3042 Αὐγούστου
505 2965 667 3044 Καίσαρος
689 2965 741 3029 καὶ
766 2964 875 3030 ἐπάνω
898 2978 929 3026 et
943 2969 1121 3047 Hieronymi
1144 2993 1170 3032 a.
1189 2977 1269 3034 1968
1292 2971 1413 3054 (49)48)
1436 2979 1589 3038 Diodorus

296 3075 416 3136 Siculus
442 3078 575 3136 Graecae
595 3081 723 3153 scriptor
743 3077 880 3136 distortor
901 3080 1002 3138 clarus
1023 3080 1154 3140 habetur.
1197 3083 1302 3156 Quare
1317 3087 1378 3144 iam
1393 3089 1588 3148 manifestum

295 3196 345 3244 est
362 3205 469 3246 omnes
489 3205 589 3264 paene
610 3187 676 3245 illos
697 3205 774 3263 quos
797 3188 887 3246 citavi
909 3189 994 3248 locos
1017 3190 1098 3248 libris
1121 3193 1218 3250 multo
1241 3201 1334 3253 antea
1357 3197 1417 3255 iam
1442 3201 1589 3260 confectis

294 3313 364 3353 esse
385 3295 528 3356 insertos.
572 3297 673 3371 Atque
697 3298 724 3373 l,
749 3299 766 3355 4
783 3305 815 3354 et
829 3301 846 3356 5
872 3315 941 3355 cum
955 3305 1055 3356 totum
1072 3317 1150 3375 opus
1165 3319 1193 3360 a.
1209 3305 1250 3362 30
1265 3305 1401 3364 editurus
1422 3319 1502 3368 esset
1516 3311 1590 3370 Dio·

293 3407 389 3463 dorus
412 3405 521 3464 addita
542 3423 612 3464 esse
635 3415 773 3482 apparet.
817 3407 916 3464 Multo
939 3415 1022 3466 certe
1044 3418 1136 3500 antea
1154 3411 1268 3470 adiecti
1283 3423 1354 3472 sunt
1369 3415 1429 3476 loci
1445 3421 1472 3494 3,
1489 3423 1539 3496 38,
1556 3425 1588 3494 2;

290 3517 321 3586 5,
340 3516 389 3590 21,
407 3517 434 3576 2.
458 3515 556 3584 22,1,
579 3515 688 3590 quibus
715 3533 748 3573 se
774 3517 853 3573 bella
876 3515 1017 3575 Caesaris
1045 3536 1114 3576 cum
1136 3519 1285 3580 Britannis
1312 3525 1493 3601 scripturum
1520 3550 1590 3608 pro·

292 3625 395 3695 mittit,
427 3643 497 3683 cum
521 3631 547 3702 1,
564 3629 583 3682 4
608 3634 640 3682 et
665 3633 688 3700 l,
705 3625 806 3710 5'hoc
825 3627 950 3684 consilio
966 3628 1087 3685 abiecto
1102 3629 1193 3687 finem
1208 3632 1265 3688 sibi
1279 3643 1375 3708 ponat
1390 3638 1506 3698 initium
1521 3643 1590 3700 belli

294 3735 411 3795 Gallici.
456 3736 540 3793 Inter
561 3753 588 3792 a.
609 3737 647 3793 36
671 3743 702 3792 et
725 3737 764 3796 30
786 3737 901 3794 inserta
920 3746 968 3794 est
990 3738 1130 3795 coloniae
1154 3739 1433 3805 Tauromenitanae
1457 3767 1591 3810 comme·

293 3847 433 3904 motatio.
455 3845 510 3902 llla
523 3845 563 3901 de
579 3845 750 3902 Siculorum
762 3845 884 3902 civitate
896 3846 990 3902 verba
1001 3848 1125 3921 quando
1142 3849 1295 3909 addiderit
1307 3852 1462 3916 Diodorus
1472 3863 1588 3923 nescio.

1038 4065 1041 4074 ι

842 4083 1042 4094 -ι-ι-ι-

395 4278 458 4337 Sed
480 4279 541 4338 iam
563 4283 727 4340 redeamus
750 4283 792 4340 ad
811 4283 975 4343 laterculos
991 4287 1156 4366 Plinianos,
1179 4309 1256 4367 quos
1272 4295 1489 4368 perlustrantes
1506 4301 1588 4358 vide-

294 4387 393 4444 bimus
414 4390 495 4446 nullo
518 4393 610 4448 modo
635 4391 730 4448 refelli
754 4411 792 4450 ea
815 4411 895 4468 quae
916 4413 1006 4470 supra
1028 4393 1070 4472 (p.
1088 4399 1141 4472 32)
1164 4401 1205 4495 cle
1221 4401 1390 4462 Siculorum
1406 4409 1590 4467 condicione

296 4497 525 4570 disputavimus.
560 4497 655 4570 Quod
671 4509 810 4576 apertum
826 4503 918 4560 estin
933 4505 1068 4578 pluribus
1084 4511 1214 4584 oppidis.
1247 4511 1337 4584 Quae
1351 4524 1421 4572 sunt
1436 4518 1588 4580 coloniae:

396 4606 644 4668 Tauromenium.
689 4610 792 4683 Quam
815 4628 842 4671 a.
868 4614 907 4671 70
930 4613 1122 4675 foederatam
1146 4621 1277 4695 appellat
1301 4621 1408 4682 Cicero
1439 4625 1482 4698 (in
1504 4627 1588 4688 Verr.

294 4715 323 4772 11
345 4717 418 4793 3,6‚
437 4713 496 4794 13),
526 4735 588 4792 quo
610 4737 638 4776 a.
661 4721 701 4779 36
724 4721 879 4778 coloniam
901 4723 1067 4784 deductam
1089 4745 1158 4786 esse
1179 4747 1271 4806 supra
1293 4736 1449 4796 contendi.
