3634 5242
897 369 938 427 44

374 546 529 623 Disiungit
549 547 660 606 Plinius
683 565 702 605 a
723 546 846 625 triginta
867 547 989 624 oppidis
1011 547 1111 607 liberis
1132 549 1281 625 oppidum
1305 567 1400 608 unum
1424 549 1568 610 immune.

272 653 387 726 Quare,
409 657 467 714 nisi
490 657 686 716 immunitatis
708 657 897 716 mentionem
918 656 950 716 in
970 655 1072 716 liberis
1095 657 1205 728 omisit,
1239 675 1278 716 ea
1311 677 1375 718 non
1399 660 1492 718 luisse
1513 659 1569 719 im-

271 767 374 824 munia
398 766 578 843 putabimus.
621 766 716 839 Quod
738 767 905 828 diiudicare
927 787 991 828 101
1023 785 1158 844 possum.
1202 767 1410 828 Nominantur
1444 768 1569 845 quidem

270 874 399 934 Achulla
420 885 452 934 et
474 875 580 953 Leptis
602 876 703 935 Minor
724 877 755 935 11
778 878 847 953 lege
869 879 987 954 agraria
1009 896 1036 939 a.
1052 896 1078 939 a
1101 877 1136 938 C.
1154 879 1210 938 111
1237 877 1358 951 liberae,
1382 879 1421 937 ab
1443 887 1570 938 auctore

272 983 342 1042 belli
364 983 498 1043 Africani
520 985 634 1044 liberae
655 993 687 1043 et
708 986 859 1046 immunes
891 981 929 1062 (c.
953 990 980 1048 t.
1004 982 1059 1064 38)
1083 995 1122 1061 et,
1146 987 1218 1063 quia
1244 1004 1264 1044 a
1292 987 1429 1063 partibus
1458 995 1569 1047 stetere

271 1091 422 1161 Caesaris,
454 1093 498 1152 eis
528 1113 555 1155 a.
580 1096 619 1156 46
652 1094 732 1155 hanc
766 1095 839 1156 iuris
871 1096 1086 1156 condicionem
1107 1096 1257 1156 mansisse
1279 1096 1396 1174 opinor,
1418 1097 1475 1155 sed
1494 1096 1570 1154 nihil

273 1201 377 1260 obstat
401 1203 563 1278 quominus
586 1205 638 1275 eis,
672 1205 827 1264 nescimus
849 1223 941 1282 quam
965 1207 1005 1264 ob
1028 1220 1162 1285 causam,
1192 1206 1231 1264 ab
1265 1209 1407 1282 Augusto
1430 1206 1570 1264 immuni-

274 1320 371 1370 tatem
393 1314 570 1390 ademptam
592 1331 663 1373 esse
685 1316 855 1374 credamus.
898 1315 990 1373 Fisco
1013 1323 1096 1373 certe
1117 1315 1206 1373 nimis
1227 1333 1340 1392 magna
1360 1315 1489 1392 pecunia
1516 1316 1570 1373 de·

272 1419 447 1480 trahebatur
469 1422 591 1500 triginta
613 1423 736 1482 urbibus
759 1423 909 1500 opulentis
930 1423 1122 1482 immunitate
1145 1423 1324 1484 fruentibus.

371 1529 549 1607 Theudalis,
570 1549 651 1610 quae
672 1534 753 1608 apud
770 1531 899 1590 Plinium
921 1541 969 1592 est
983 1532 1134 1609 immunis,
1158 1532 1337 1608 libertatem,
1361 1551 1452 1611 quam
1476 1533 1570 1593 habet

268 1639 301 1698 in
323 1639 392 1716 lege
414 1641 541 1716 agraria,
564 1641 635 1700 belli
657 1641 792 1700 Africani
815 1641 947 1700 sortasse
968 1640 1226 1701 vicissitudinibus
1250 1642 1359 1703 amisit.

368 1751 431 1809 Sed
457 1758 563 1810 extant
586 1750 662 1809 aliae
685 1751 785 1823 urbes,
807 1769 889 1828 quae
911 1770 930 1809 a
950 1751 1047 1808 Plinio
1070 1759 1124 1808 aut
1145 1750 1261 1827 oppida
1282 1747 1338 1823 (sc.
1354 1749 1567 1829 stipendiaria)

270 1867 323 1918 aut
345 1859 483 1918 civitates
506 1859 620 1918 liberae
640 1861 836 1918 nominantur
858 1868 890 1917 et
916 1857 948 1917 in
977 1859 1070 1918 titulis
1104 1859 1296 1935 appellantur
1328 1860 1432 1922 Iuliae.
1481 1860 1570 1933 Quae

272 1976 356 2028 sunt:
380 1967 408 2026 T
409 1969 519 2028 usdrus
539 1963 589 2044 (ci.
607 1969 783 2028 laterculum
796 1969 955 2028 militarem
971 1967 1080 2028 aetatis
1092 1968 1275 2026 Seuerianae
1290 1967 1356 2028 CIL
1371 1969 1415 2027 VI
1440 1988 1471 2028 n.
1487 1971 1567 2030 3884

271 2095 300 2152 p.
324 2075 361 2150 V,
384 2079 404 2136 4
425 2074 461 2137 Α.
488 2075 656 2151 Crepereius
676 2075 712 2139 Α.
725 2075 757 2156 s
780 2077 841 2137 Iul.
864 2077 970 2134 Felr'xs
994 2076 1097 2137 Plesdr.
1133 2075 1200 2135 CIL
1221 2076 1278 2135 XII
1300 2096 1330 2137 n.
1354 2079 1414 2138 686
1437 2078 1568 2150 [11011111-

271 2187 343 2260 cipio
371 2182 507 2260 Septimia
530 2184 659 2258 lr'be[ra]
681 2184 946 2261 [Tstrysdritanus,
974 2186 1011 2247 ci.
1033 2186 1099 2246 ClL
1122 2185 1204 2246 Vll.
1227 2186 1245 2247 l.
1267 2205 1297 2263 p.
1318 2186 1361 2245 111
1386 2185 1450 2262 21),
1475 2187 1569 2246 Abbir

273 2295 358 2355 Cella
381 2293 461 2366 (CIL
482 2295 553 2354 VlH
574 2315 604 2356 1.
627 2298 689 2357 814
720 2297 906 2370 municipium
931 2297 1045 2356 Iulium
1074 2289 1392 2375 [Phessl[rppr'anu]m),
1424 2295 1569 2373 Neapolis

273 2400 345 2480 (1.1.
377 2423 408 2465 n.
431 2407 492 2465 968
521 2405 573 2462 col.
599 2405 659 2466 Iul.
682 2402 799 2483 Neam,
826 2405 933 2482 Carpis
966 2401 995 2482 (l.
1019 2406 1036 2466 l.
1058 2425 1087 2464 n.
1113 2407 1190 2466 1206
1226 2407 1277 2466 col.
1304 2406 1403 2464 Iuliae
1433 2404 1570 2482 Carpit),

273 2513 401 2572 Curubis
429 2511 460 2585 il.
483 2514 501 2573 l.
524 2531 554 2575 n.
578 2515 714 2575 980101.
739 2513 798 2574 Iul.
827 2511 975 2589 Curubis),
1009 2513 1114 2591 Hippo
1147 2514 1305 2590 Diarrytus
1335 2511 1364 2590 (l.
1387 2515 1405 2576 l.
1428 2533 1458 2574 n.
1488 2518 1569 2578 1206

273 2623 324 2684 eol.
349 2623 447 2680 Iuliae
468 2621 560 2699 He'pp.
583 2622 736 2699 Diernl..
765 2622 850 2696 Quas
872 2624 1008 2682 colonias
1034 2623 1244 2682 Mommsenus
1278 2623 1448 2684 aCaesare
1481 2632 1570 2701 patre

273 2741 328 2792 aut
348 2731 409 2790 filio
430 2741 520 2809 putat
534 2733 697 2793 deductas.
743 2731 838 2806 Quod
860 2751 929 2792 cum
952 2732 1048 2791 Plinio
1071 2750 1134 2790 101
1156 2733 1302 2809 congruit.

372 2841 481 2900 Dicam
502 2842 632 2919 primum
653 2844 694 2901 de
716 2842 861 2918 Hippone
882 2861 962 2918 quae
984 2843 1068 2918 apud
1083 2841 1211 2900 Plinium
1231 2842 1401 2916 appellatur
1422 2841 1568 2917 oppidum

274 2953 291 3012 i.
315 2969 341 3013 e.
365 2951 601 3027 stipendiarium.
637 2951 730 3012 Cuius
752 2961 858 3012 extant
879 2953 1015 3011 incertae
1038 2951 1146 3011 aetatis
1168 2950 1282 3008 nummi
1297 2949 1431 3026 inscripti
1447 2944 1568 3030 Libera!

274 3055 434 3136 Hr'pponel.
476 3059 616 3119 Eandem
637 3061 865 3138 inscriptionem
886 3060 1002 3118 habent
1034 3059 1148 3118 nummi
1170 3055 1304 3117 Τ111111112
1337 3068 1369 3118 et
1390 3058 1490 3119 Clodii
1517 3060 1569 3119 Al·

273 3166 355 3229 bini¹3
386 3179 526 3246 tempore
559 3169 632 3230 cusi.
676 3169 854 3246 Appellatur
886 3169 1001 3228 deinde
1031 3168 1135 3246 Hippo
1168 3189 1187 3228 a
1220 3168 1317 3228 Plinio
1352 3169 1470 3228 minore
1505 3163 1569 3248 (ep.

274 3285 303 3356 9,
319 3282 369 3350 33,
392 3284 420 3340 2.
444 3275 476 3359 t)
498 3279 629 3338 colonia.
671 3277 782 3357 Neque
812 3287 860 3337 est
894 3296 948 3337 cur
969 3279 1001 3337 id
1023 3280 1055 3337 in
1077 3279 1203 3338 dubium
1224 3297 1375 3341 vocemus.
1419 3279 1515 3353 Quod
1536 3287 1570 3338 ut

275 3390 364 3450 Plinii
386 3405 509 3466 quoque
542 3389 660 3448 ratione
682 3388 786 3448 habita
817 3388 949 3465 explicet
971 3389 1128 3465 Zumptius
1165 3389 1288 3458 (comm.
1311 3387 1398 3465 ep.l
1427 3406 1456 3464 p.
1484 3386 1570 3463 407).

273 3508 362 3576 putat
383 3499 561 3576 Hipponem
583 3518 602 3558 a
624 3498 749 3557 Tiberio
771 3498 911 3557 libertate
934 3500 1082 3557 donatam
1104 3499 1218 3558 deinde
1240 3516 1279 3558 eo
1301 3508 1449 3574 tempore,
1484 3496 1570 3570 quod

274 3608 352 3666 inter
363 3607 477 3667 Plinios
499 3609 646 3668 maiorem
661 3616 693 3666 et
707 3608 856 3666 minorem
871 3609 1041 3686 intercedit,
1065 3608 1218 3667 coloniam
1239 3608 1352 3668 iactam
1367 3623 1444 3664 esse.
1475 3605 1570 3678 Quod

276 3716 377 3776 Clodii
402 3716 504 3775 Albini
527 3734 651 3776 nummo
674 3716 874 3793 redarguitur.
920 3715 1024 3788 Quare
1038 3715 1261 3776 Mommsenum
1278 3733 1399 3794 sequor,
1422 3715 1474 3791 qui
1490 3710 1570 3792 (CIL

274 3825 347 3884 VllI
368 3844 398 3902 p.
423 3826 496 3899 152)
517 3835 607 3902 putat
627 3827 669 3884 ad
691 3825 786 3884 libera
809 3825 1014 3902 supplendum
1035 3843 1105 3884 esse
1129 3826 1248 3884 columb.
1291 3825 1370 3883 Puto
1393 3824 1570 3902 Hipponem

273 3943 346 4012 post
367 3934 499 3994 indicem
522 3935 651 4012 Augusti
673 3934 849 3994 consectum
871 3943 925 3993 aut
947 3935 1091 3993 extremis
1114 3934 1244 4009 Augusti
1267 3933 1355 3993 annis
1381 3944 1435 3994 aut
1446 3935 1570 3994 Tiberio

273 4044 409 4122 principe
432 4044 585 4103 coloniam
608 4045 731 4104 liberam
753 4063 820 4104 esse
844 4044 964 4104 iactam.
1009 4043 1131 4104 Nomen
1153 4042 1329 4121 Augustae,
1365 4045 1451 4122 quod
1476 4045 1570 4103 etiarn

276 4173 295 4214 a
316 4153 440 4212 Tiberio
461 4171 522 4212 una
545 4171 614 4212 cum
636 4154 731 4213 altero
751 4153 846 4212 Iuliae
869 4155 977 4213 datum
998 4161 1081 4230 puto,
1105 4153 1137 4210 in
1158 4151 1247 4210 titulo
1276 4169 1369 4229 supra
1402 4162 1570 4213 memorato

273 4270 378 4340 potest
398 4281 466 4323 esse
489 4263 646 4324 omissum.

273 4429 472 4440 ——-..

374 4529 384 4566 ¹
404 4532 525 4582 Mionnet
544 4533 585 4582 VI
603 4549 629 4598 p.
648 4531 701 4585 588
720 4549 745 4584 n.
764 4530 807 4586 45.
826 4530 869 4585 46.
898 4535 929 4584 L.
948 4531 1044 4582 Miller
1063 4532 1183 4583 numism.
1203 4532 1236 4581 dc
1254 4531 1396 4582 l’aucienne
1415 4530 1527 4596 Afrique
1543 4529 1569 4579 Il

274 4646 299 4695 p.
321 4629 371 4682 167
390 4646 416 4682 n.
434 4627 487 4682 374
506 4645 544 4694 sq.
687 4623 839 4679 ²Mionnet
856 4628 875 4680 l.
893 4628 908 4680 1,
929 4645 955 4680 n.
974 4626 1089 4680 47-49.
1127 4628 1227 4677 Miiller
1244 4627 1263 4678 l.
1276 4627 1295 4679 l.
1314 4643 1339 4678 n.
1358 4625 1508 4680 376-378.

374 4721 523 4778 lutonnet
541 4726 631 4794 Suppl.
652 4727 695 4776 IX
714 4743 739 4794 p.
759 4724 811 4778 207
831 4740 856 4778 n.
876 4724 900 4780 9.
937 4724 1036 4776 Miiller
1056 4723 1074 4778 l.
1093 4723 1111 4778 1.
1130 4739 1155 4792 p.
1176 4723 1227 4777 168
1245 4738 1271 4776 n.
1290 4721 1351 4778 379.
