3634 5242
452 915 824 994 SENTENTIAE
852 910 1334 989 CONTROVERSAE.

345 1247 368 1306 I.
412 1245 643 1302 Testamentum
666 1241 813 1316 Lingonis
842 1241 997 1298 cuiusdam
1028 1239 1100 1296 civis
1128 1238 1259 1296 Romani
1292 1231 1367 1312 (Ad.
1389 1237 1546 1312 Kiessling

247 1357 363 1416 Anecd.
387 1354 479 1412 Basil.
506 1353 594 1412 1863.
629 1351 727 1408 Bruns
751 1350 853 1408 fontes
878 1349 931 1408 iur.
954 1349 1003 1406 ed.
1026 1347 1054 1403 V
1076 1367 1106 1422 p.
1131 1349 1190 1407 297
1213 1342 1293 1423 sqq.)
1313 1354 1438 1423 propter
1453 1345 1546 1402 verba

248 1466 334 1524 Plinii
355 1483 385 1523 n.
408 1463 437 1521 h.
460 1461 504 1519 IV
527 1463 586 1522 106
616 1461 738 1516 Treveri
757 1458 847 1515 liberi
867 1464 952 1514 anteo
979 1464 1006 1513 et
1030 1457 1176 1531 Lingones
1188 1456 1345 1534 foederati
1376 1465 1449 1513 ante
1472 1454 1547 1512 Gal·

248 1577 319 1633 bam
342 1573 457 1630 factum
480 1579 536 1630 est.

349 1683 384 1738 II.
430 1681 494 1738 Iulii
510 1679 719 1753 Obsequentis
741 1678 952 1752 prodigiorum
966 1676 1072 1732 librum
1093 1675 1166 1732 nihil
1182 1676 1265 1731 aliud
1279 1676 1438 1732 continere
1454 1692 1545 1749 quam

249 1800 392 1867 excerpta
408 1790 534 1847 Liviana
550 1796 657 1845 contra
671 1788 855 1844 sententiam
876 1786 1022 1844 Nitaschii
1043 1778 1118 1864 (Die
1139 1791 1210 1842 ro‘m.
1229 1785 1403 1841 Annalistik
1425 1803 1454 1859 p.
1468 1782 1545 1856 239)

253 1902 418 1960 contendo,

345 2009 396 2068 111.
442 2007 629 2083 Pomponius
651 2006 734 2063 Mela
757 2005 899 2080 Caligula
921 2023 961 2061 an
984 2004 1113 2062 Claudio
1136 2005 1304 2078 imperante
1327 2004 1488 2078 scripserit,
1512 2002 1545 2058 id

247 2121 333 2196 quod
355 2120 524 2176 diiudicare
547 2125 676 2175 conatus
693 2123 740 2172 est
755 2113 844 2172 Frick
860 2112 981 2189 (Philol.
1005 2113 1141 2170 XXXIV
1162 2132 1191 2188 p.
1217 2108 1302 2188 741),
1325 2121 1450 2187 propter
1472 2128 1546 2186 geo·

248 2230 356 2304 graphi
378 2228 466 2284 huius
489 2245 612 2284 suorum
636 2234 808 2301 temporum
831 2223 1056 2300 neglegentiam
1079 2224 1210 2280 discerni
1234 2225 1347 2297 nequit.

349 2336 402 2394 IV.
446 2337 581 2394 luvenali
603 2345 659 2396 sat.
676 2336 707 2392 X
730 2335 871 2393 scribenti
894 2334 996 2391 Taciti
1019 2333 1145 2390 annales
1168 2341 1259 2390 notos
1283 2332 1376 2389 fuisse
1398 2341 1473 2406 puto
1496 2329 1546 2401 (cf.

250 2447 413 2523 praecipue
437 2454 491 2504 sat.
514 2445 545 2502 X
567 2447 627 2505 329
651 2463 716 2520 sqq.
739 2463 808 2504 ann.
832 2443 877 2500 XI
903 2437 963 2518 12).

350 2554 387 2614 V.
433 2553 534 2630 Caput
557 2554 699 2612 Caesaris
722 2555 823 2611 sidere
847 2553 955 2611 crinito
978 2562 1117 2611 ornatum
1140 2554 1225 2626 quod
1247 2559 1331 2608 extat
1355 2553 1387 2607 in
1420 2568 1544 2609 nummo

250 2661 372 2741 (Cohen
393 2664 408 2720 I
430 2665 492 2738 p.9
515 2681 545 2722 n.
560 2664 600 2720 20
623 2663 683 2721 tab.
704 2659 733 2738 Ι)
753 2664 922 2720 secundum
945 2664 1005 2720 divi
1019 2662 1086 2718 Iulii
1101 2661 1292 2718 simulacrum
1315 2663 1353 2717 ab
1377 2660 1547 2719 Octaviano

218 2770 220 2775 ’
249 2776 280 2832 in
305 2774 371 2832 foro
395 2779 608 2830 consecratum
631 2767 718 2845 (Plin.
742 2791 771 2831 n.
789 2772 817 2831 h.
841 2773 869 2829 ll
894 2776 945 2846 94)
967 2773 1131 2830 formatum
1154 2781 1209 2830 est.

348 2882 402 2942 VI.
448 2881 651 2957 inscriptione
683 2881 740 2938 vici
772 2881 901 2940 Hebran
934 2876 988 2961 (de
1023 2875 1128 2958 Vogiie
1162 2882 1244 2956 Syrie
1277 2883 1419 2941 centrale.
1453 2881 1547 2941 luscr.

251 2985 347 3049 semit.
372 2992 451 3050 1869
482 3010 512 3067 p.
537 2993 648 3050 10011.
674 2986 703 3067 1)
735 3009 799 3048 non
834 2992 1062 3049 demonstratur
1091 2990 1269 3049 Nabataeos
1293 2993 1341 3048 -ad
1375 3000 1547 3067 temporum

252 3099 456 3172 digestionem
478 3100 696 3173 imperatorum
718 3100 930 3158 Romanorum
952 3102 1037 3158 annis
1059 3119 1131 3158 usos
1154 3119 1222 3159 esse
1244 3099 1432 3170 (Mommsen
1454 3102 1490 3161 R.
1508 3100 1546 3159 G.

251 3206 281 3262 V
301 3224 331 3283 p.
347 3209 406 3264 478
430 3207 501 3264 adn.
519 3207 561 3279 2),
586 3210 644 3264 sed
665 3209 763 3265 vicum
786 3209 913 3268 Hebran
936 3211 1111 3286 provinciae
1134 3209 1227 3267 luisse
1250 3211 1362 3284 Syriae.

351 3315 417 3374 VII.
462 3315 598 3374 Achaiae
614 3317 663 3392 qui
686 3337 713 3376 a.
737 3335 764 3377 a.
788 3317 821 3379 C.
840 3321 878 3377 27
903 3318 1014 3376 fuerint
1027 3320 1104 3375 fines
1125 3337 1188 3376 non
1208 3320 1378 3376 secundum
1393 3319 1548 3378 Strabonis

213 3503 217 3510 Ι
251 3425 344 3482 verba
368 3420 420 3502 (17
444 3444 473 3500 p.
491 3423 575 3504 840),
608 3435 642 3483 ut
664 3427 738 3485 facit
769 3427 980 3485 Mommsenus
1003 3421 1053 3506 (R.
1078 3427 1116 3486 G.
1141 3427 1169 3482 V
1197 3447 1225 3503 p.
1241 3430 1301 3487 234
1325 3430 1396 3487 adn.
1415 3425 1457 3503 1),
1491 3431 1548 3488 sed

250 3536 421 3593 secundum
436 3536 574 3613 aliorum,
589 3537 754 3612 praecipue
767 3536 875 3594 Dionis
897 3533 959 3610 (53,
975 3529 1034 3612 12),
1057 3537 1232 3594 testimonia
1248 3538 1482 3596 diiudicandum
1494 3547 1549 3598 est.

349 3643 431 3704 VHI.
476 3643 584 3703 Pertzii
617 3646 770 3704 sententia
805 3642 893 3720 (ΜΟ.
920 3644 970 3704 SS.
991 3645 1036 3703 III
1068 3647 1175 3720 paee
1197 3643 1266 3722 sq),
1301 3649 1353 3721 qui
1389 3649 1550 3706 contendit

253 3751 462 3810 Flodoardum
484 3773 607 3828 semper
627 3755 751 3812 fidelem
775 3755 867 3812 fuisse
890 3755 1012 3812 Artoldi
1033 3755 1196 3812 Remensis
1223 3755 1443 3830 archiepiscopi
1467 3775 1549 3816 asse·

250 3861 330 3917 clam
362 3879 425 3918 non
457 3872 541 3920 recta
573 3872 631 3940 est,
662 3881 734 3920 nam
764 3880 790 3920 a.
814 3865 873 3921 941
900 3865 942 3920 ad
975 3873 1076 3940 partes
1096 3864 1237 3939 Hugonis
1260 3866 1378 3923 transiit
1402 3865 1453 3939 (cf.
1477 3866 1546 3923 hist.

251 3969 340 4028 Rem.
363 3971 434 4030 eccl.
457 3971 501 4028 IV
523 3990 549 4030 c.
566 3974 605 4031 28
622 3965 688 4048 sq.)

348 4077 402 4137 IX.
447 4079 578 4137 Monodi
601 4088 780 4154 argumenta
802 4081 913 4156 quibus
938 4081 1145 4138 Flodoardum
1177 4083 1208 4139 in
1238 4085 1455 4158 componenda
1480 4083 1549 4143 hist.

251 4185 338 4245 Rem.
363 4187 437 4246 eccl.
461 4190 621 4246 annalibus
644 4189 706 4246 suis
727 4207 813 4248 usum
836 4207 904 4248 esse
928 4191 1128 4266 comprobare
1150 4192 1257 4248 studet
1278 4187 1399 4270 (Revue
1415 4193 1479 4252 crit.
1493 4193 1550 4250 VII

253 4295 333 4353 1873
358 4297 385 4354 2.
408 4314 436 4370 p.
455 4292 537 4375 263),
560 4297 655 4354 futilia
678 4306 755 4359 suut.
