3634 5242
379 803 480 874 Nunc,
514 801 659 878 quoniam
692 801 826 876 singulas
858 801 1029 877 provincias
1056 801 1243 878 perlustravi,
1277 820 1324 875 ea,
1355 820 1436 878 quae
1465 803 1505 860 de
1533 803 1578 861 in-

283 916 385 972 dicum
407 914 615 987 Augustorum
637 918 774 986 tempore
796 911 897 968 inveni
921 929 1114 987 componam.

379 1020 487 1096 Scripti
509 1029 594 1080 suut:
695 1101 697 1104 Ι

402 1130 624 1206 Hispanienses
646 1137 717 1206 post
739 1148 766 1190 a.
791 1148 818 1189 a.
841 1127 876 1188 C.
901 1131 949 1196 19,
972 1137 1044 1187 ante
1067 1129 1188 1188 ultimos
1211 1129 1340 1204 Augusti
1360 1145 1470 1202 annos,

401 1239 621 1298 Narbonenses
672 1285 689 1318 „
741 1284 759 1314 „
793 1284 811 1312 ,,
846 1283 863 1317 „
897 1237 946 1312 27,
969 1255 1032 1294 non
1053 1247 1125 1314 post
1146 1239 1311 1315 Tiberium,

400 1347 497 1407 Italici
672 1393 689 1426 „
740 1393 757 1424 „
792 1392 808 1426 „
846 1393 863 1424 „
918 1335 1041 1414 9,'ante
1063 1347 1185 1404 ultimos
1208 1349 1339 1422 Augusti
1363 1365 1472 1426 annoS,

401 1457 506 1534 Illyrici
671 1499 689 1524 ,,
742 1502 760 1534 ,,
794 1501 810 1532 ,,
846 1501 864 1533 ,,
921 1457 950 1526 9,
995 1501 1013 1534 „
1069 1453 1241 1526 Claudium,

404 1567 576 1625 Sicilienses
675 1611 693 1644 „
745 1611 763 1642 „
797 1611 814 1640 ,‚
849 1611 866 1642 „
900 1567 950 1634 21,
994 1611 1012 1644 „
1066 1565 1189 1623 ultimos
1212 1565 1344 1641 Augusti
1364 1583 1473 1634 annos,

401 1676 538 1734 Africani
674 1720 691 1752 „
743 1720 761 1752 „
795 1719 814 1751 ‚,
842 1721 866 1766 „
898 1675 947 1750 25,
992 1721 1011 1749 „
1065 1669 1251 1734 Tiberiuml.

382 1785 448 1843 Iam
471 1787 512 1843 ad
535 1784 680 1860 originem
701 1799 806 1840 eorum
821 1783 1065 1858 investigandam
1080 1783 1209 1842 accedo,
1254 1783 1354 1860 Atque
1369 1783 1441 1840 mihi
1453 1784 1579 1858 quidem

280 1895 451 1954 accuratius
467 1911 521 1952 eos
542 1892 716 1969 inspicienti
740 1891 894 1949 censorios
916 1908 971 1948 eos
994 1908 1063 1948 esse
1087 1899 1203 1948 certum
1221 1891 1319 1949 visum
1341 1901 1398 1952 est.

279 2003 281 2007 ’
382 2001 514 2060 Primum
541 2001 749 2076 inspiciendus
777 2007 825 2056 est
846 1999 930 2056 locus
957 1997 1045 2055 Plinii
1071 2018 1100 2058 n.
1125 1999 1153 2059 h.
1176 1999 1235 2057 VII
1258 2002 1432 2059 162-164.
1467 2001 1580 2078 Loqui·

280 2124 329 2172 tur
353 2113 393 2170 de
423 2110 631 2186 longaevitate
660 2108 746 2166 cuius
771 2109 912 2183 exempla
937 2108 1025 2166 affert
1044 2109 1244 2182 experzinenta
1269 2109 1460 2167 recentissimi
1481 2129 1588 2198 census,

280 2241 361 2297 quem
385 2221 467 2277 intra
493 2219 718 2294 quadriennium
749 2219 938 2292 znaperatons
969 2217 1141 2293 Vespasiani
1163 2225 1253 2293 paler
1278 2217 1422 2294 filiusque
1450 2238 1580 2276 censores

282 2337 413 2406 egerunt.
459 2329 608 2387 Nominat
630 2327 760 2402 primum
783 2325 929 2404 singulm,
953 2326 1003 2401 qui
1024 2326 1176 2401 insignem
1199 2327 1337 2385 detulere
1360 2345 1509 2386 annorum
1525 2347 1581 2386 nu-

212 2427 225 2449 ’
282 2459 409 2512 merum,
445 2439 561 2496 deinde
595 2437 669 2494 dicit
700 2455 734 2492 ac
763 2455 797 2493 ne
811 2435 954 2510 pluribus
975 2454 1117 2494 moremur
1139 2437 1171 2493 z'n
1194 2457 1227 2494 re
1248 2433 1386 2514 consessa,
1409 2439 1440 2495 z'n
1462 2440 1583 2514 regione

276 2550 394 2606 'Italiae
414 2556 516 2606 octava
536 2553 682 2604 centenum
703 2563 846 2602 annornm
870 2545 951 2601 censi
968 2552 1039 2602 sunt
1052 2545 1178 2603 homenes
1190 2545 1308 2604 LIIII
1322 2556 1402 2610 cet..
1431 2548 1580 2607 Videmus

283 2660 374 2734 igitur
397 2657 625 2734 discriptionem
646 2655 751 2713 Italiae
772 2655 803 2711 in
825 2653 977 2730 regiones,
996 2672 1088 2731 quam
1110 2656 1195 2731 apud
1217 2655 1390 2730 Augustum
1407 2657 1521 2715 Plinius
1537 2659 1583 2714 in-

284 2769 377 2837 venit,
401 2767 507 2825 censui
529 2765 673 2824 habendo
697 2781 766 2822 esse
788 2759 985 2825 adhibitam2.

382 2875 504 2932 Deinde
527 2876 617 2932 urbes
639 2875 670 2930 in
693 2889 854 2956 censorum
877 2871 1030 2930 laterculis
1054 2873 1095 2930 ita
1109 2881 1142 2930 ut
1156 2873 1187 2928 in
1202 2873 1353 2929 indicibus
1370 2873 1501 2948 Augusti
1522 2873 1539 2932 i.
1555 2891 1580 2931 e.

284 2981 478 3062 alphabetice
501 2984 595 3042 fuisse
618 2982 795 3058 dispositos,
818 2981 907 3038 huius
930 2982 973 3038 rei
995 2983 1026 3037 in
1041 2981 1217 3055 Phlegontis
1234 2981 1379 3040 Tralliani
1400 2977 1583 3041 macrobiis³

286 3097 366 3154 clara
389 3094 541 3152 invenisse
565 3093 637 3149 mihi
658 3093 766 3148 videor
788 3091 925 3164 vestigia.
971 3088 1032 3162 Qui
1054 3091 1172 3147 eisdem
1195 3091 1305 3166 quibus
1328 3090 1442 3150 Plinius
1463 3091 1583 3169 Vespa-

282 3206 360 3264 siani
383 3221 492 3262 census
514 3201 665 3260 laterculis
687 3195 799 3257 utens⁴
820 3199 943 3255 nomina
967 3213 1082 3268 eorum,
1116 3200 1167 3274 qui
1190 3209 1313 3258 centum
1345 3219 1443 3259 annos
1480 3203 1580 3259 vixere

282 3315 324 3370 ita
347 3307 518 3389 disponit5:

632 3393 733 3452 Lucii:
826 3393 982 3450 Placentia
1103 3395 1236 3472 quinque

826 3503 956 3562 Brixello
1104 3515 1182 3562 trnus

827 3613 907 3670 Foro
931 3611 1054 3671 Corneli
1103 3631 1183 3671 unus

828 3722 945 3781 Velleia
1105 3739 1183 3780 unus

383 3840 393 3876 ¹
412 3841 513 3891 Beloch
531 3841 585 3890 Die
601 3839 797 3902 Bendlkerung
817 3841 866 3888 der
881 3839 1203 3902 griecln'sch-rdmischen
1217 3839 1289 3888 Welt
1304 3855 1330 3904 p.
1343 3837 1397 3891 322
1410 3855 1467 3905 sqq.
1480 3840 1584 3907 librum,

282 3953 358 4004 quem
376 3945 479 3988 secutus
492 3937 593 3986 Plinius
615 3936 742 4002 coloniaS,
761 3935 902 4001 municipia
923 3942 972 3986 cet.
990 3935 1116 4000 nominat,
1135 3935 1239 3984 Claudii
1257 3943 1374 4001 ternpore
1390 3937 1511 4002 scriptum
1525 3953 1585 3988 esse

282 4043 365 4102 putat,
384 4035 431 4086 sed
452 4040 602 4098 argumenta
628 4033 684 4082 eius
703 4031 770 4082 nihil
790 4031 880 4082 valere
899 4038 956 4081 tota
973 4047 1032 4082 mea
1059 4033 1280 4082 commentatione
1307 4033 1494 4099 comprobasse
1520 4034 1585 4084 mihi

283 4132 384 4184 videor.
535 4125 596 4181 2cs.
615 4127 774 4193 Marquardt
791 4127 958 4180 Staatsverw.
976 4121 1007 4178 1²
1025 4144 1050 4194 p.
1069 4126 1130 4181 220.

385 4225 396 4261 ³
413 4227 512 4277 Miiller
530 4227 560 4279 ir.
581 4224 623 4278 29.
661 4227 764 4274 Rerum
782 4223 893 4277 natural.
913 4224 1001 4290 script.
1019 4241 1055 4289 gr.
1075 4225 1136 4277 min.
1157 4225 1198 4277 ed.
1218 4225 1252 4277 0.
1271 4224 1371 4275 Keller
1388 4241 1413 4292 p.
1433 4223 1468 4276 85
1487 4241 1545 4290 sqq.

382 4321 394 4358 4
413 4327 565 4374 Mommsen
583 4322 741 4372 Staatsrecht
759 4317 805 4371 11²
823 4337 848 4387 p.
868 4319 921 4374 358
941 4321 1000 4374 adn.
1020 4320 1045 4374 2.

383 4419 538 4484 ⁵Singulos
558 4417 727 4484 Caesellium,
746 4419 856 4486 Catiam,
875 4417 1036 4485 Petroniam,
1054 4417 1175 4483 Polliam,
1196 4419 1340 4479 Turellam,
1359 4418 1513 4478 Antoniam,
1537 4417 1585 4467 Al-

283 4521 387 4588 batiam,
403 4518 533 4584 Salvium,
552 4516 678 4566 Baebiam
698 4516 784 4569 omisi.
812 4543 843 4554 -
872 4517 978 4566 Nomen
996 4514 1089 4581 oppidi
1110 4515 1180 4564 unde
1200 4523 1241 4566 est
1258 4515 1347 4565 Pollia
1365 4515 1392 4565 iu
1412 4515 1505 4565 codice
1524 4516 1585 4564 scri·

283 4618 354 4666 bitur
371 4613 516 4678 Αἰτωσῖας.
553 4617 622 4664 Puto
642 4613 669 4662 in
687 4629 720 4662 eo
738 4613 809 4663 idem
829 4613 914 4662 latere
933 4613 1060 4678 oppidum
1084 4613 1155 4678 quod
1177 4613 1204 4663 iu
1232 4613 1342 4663 nomine
1360 4610 1500 4678 Ὀρτισῑας
1518 4613 1580 4660 Bae-

278 4690 345 4764 'biae
364 4712 474 4778 adiecto,
496 4712 615 4762 Otesiam
634 4712 702 4770 dico,
720 4711 752 4764 cs.
770 4710 838 4764 Plin.
858 4727 883 4764 n.
901 4711 928 4763 h.
945 4712 987 4759 ΙΠ
1007 4709 1058 4763 116
1079 4709 1187 4762 Otesrni
1203 4713 1291 4776 (supra
1310 4726 1336 4777 p.
1357 4707 1410 4777 18).

1189 4873 1195 4949 l
