3634 5242
800 905 1007 979 VITA.

353 1239 453 1295 Natus
487 1255 554 1294 sum
581 1233 656 1294 Otto
685 1234 783 1293 Cuntz
811 1253 837 1294 a.
861 1233 890 1292 h.
919 1251 943 1293 s,
973 1233 1058 1290 LXV
1091 1236 1141 1290 die
1171 1235 1199 1290 X
1222 1254 1319 1294 mens.
1342 1235 1424 1311 Sept.
1448 1235 1551 1295 Sedini

252 1359 338 1424 patre
361 1347 549 1414 Hermanno
573 1355 669 1402 matre
693 1343 791 1402 Maria
814 1362 830 1400 e
854 1353 948 1418 gente
971 1345 1011 1401 de
1034 1345 1062 1400 la
1079 1344 1181 1411 Barre,
1204 1345 1314 1418 quibus
1338 1347 1551 1421 superstitibus

254 1460 356 1517 adhuc
378 1458 512 1531 gaudeo,
556 1455 646 1512 Fidei
669 1455 812 1512 addictus
838 1472 903 1511 sum
930 1454 1136 1527 evangelicae.
1181 1453 1348 1527 Gymnasia
1370 1456 1470 1530 patria
1495 1455 1553 1512 fre·

254 1567 398 1643 quentavi
417 1565 600 1639 municipale
622 1565 696 1620 inde
719 1564 757 1619 ab
774 1581 802 1620 a.
827 1561 968 1630 LXXIV,
992 1563 1030 1620 ab
1057 1583 1082 1621 a.
1107 1563 1236 1620 LXXVI
1258 1563 1438 1622 Marianum.
1484 1565 1552 1622 Ma·

253 1676 385 1734 turitatis
406 1673 583 1731 testImonio
607 1691 676 1728 vere
700 1673 772 1728 anni
800 1671 961 1728 LXXXIII
995 1674 1159 1730 instructus
1190 1674 1299 1731 studiis
1335 1673 1487 1732 historicis
1522 1683 1554 1732 et

253 1785 446 1863 philologieis
469 1801 596 1857 operam
618 1784 745 1838 daturus
768 1783 980 1838 universitates
1003 1783 1064 1838 adii
1087 1783 1297 1850 Turicensem,
1321 1785 1406 1842 cuius
1422 1805 1477 1860 per
1498 1804 1554 1843 sex

253 1913 387 1958 menses,
423 1893 693 1967 Algentinensem
727 1892 810 1947 cuius
834 1908 890 1964 per
913 1891 969 1946 tria
995 1886 1186 1958 'semenstria
1221 1893 1430 1967 Bonnensem,
1466 1896 1552 1951 cuius

254 2024 310 2082 per
331 2012 449 2078 septem
470 2000 513 2057 fui
535 2001 615 2058 civis.

354 2111 533 2167 Docuerunt
556 2125 605 2165 me
635 2109 688 2164 viri
715 2108 872 2165 clarissimi
899 2109 1068 2185 Honegger
1089 2108 1195 2183 Meyer
1217 2111 1257 2166 de
1280 2109 1414 2167 Knonau
1436 2109 1553 2165 Tobler

256 2222 451 2285 Turicenses‚
486 2218 693 2291 Baumgarten
727 2217 826 2291 Bayer
858 2218 971 2276 Martin
1004 2218 1163 2276 Michaelis
1197 2219 1236 2277 H.
1260 2219 1374 2276 Nissen
1407 2219 1552 2276 Scheffer·

258 2330 419 2388 Boichorst
439 2327 559 2385 Schoell
584 2327 778 2384 Studemund
793 2327 944 2403 Wiegand
960 2328 1167 2386 Windelband
1183 2329 1436 2403 ArgentinenseS,
1459 2327 1555 2386 Bech-

255 2457 349 2498 mann
373 2437 541 2494 Buecheler
563 2435 651 2493 Dove
674 2437 710 2494 R.
735 2436 855 2494 Kekule
877 2437 982 2512 Meyer
1004 2437 1118 2495 Nissen
1151 2438 1230 2494 Rein
1254 2437 1407 2496 Schwartz
1436 2436 1556 2496 Usener

256 2549 422 2606 Wilmanns
440 2545 630 2604 Bonnenses
679 2546 892 2603 Proseminarii
913 2546 1090 2621 philologici
1106 2547 1337 2621 Argentinensis
1360 2564 1415 2622 per
1437 2547 1483 2604 bis
1500 2565 1554 2604 sex

257 2673 390 2723 menseS,
424 2655 597 2712 Bonnensis
620 2673 674 2730 per
698 2673 750 2712 sex
775 2655 816 2711 fui
839 2657 962 2714 sodalis.
1017 2656 1195 2713 Buecheleri
1226 2656 1393 2712 Luebberti
1425 2655 1557 2713 Useneri

255 2759 380 2842 'egregia
404 2782 477 2838 erga
500 2782 549 2821 me
572 2764 789 2821 benevolentia
812 2765 927 2822 factum
953 2773 1000 2822 est
1022 2774 1056 2821 ut
1077 2766 1108 2821 in
1124 2765 1318 2821 seminarium
1333 2764 1555 2837 philologorum

258 2875 466 2933 Bonnensium
486 2875 647 2948 reciperer,
677 2873 763 2930 cuius
786 2891 841 2949 per
863 2875 908 2930 bis
933 2892 987 2930 sex
1008 2891 1130 2930 menses
1153 2873 1194 2929 lui
1216 2872 1342 2928 sodalis.
1397 2871 1557 2929 Seminarii

257 2989 392 3046 historici
425 2987 696 3044 exercitationibus
730 2995 764 3043 ut
796 2985 977 3043 interessem
1012 2986 1139 3042 comiter
1171 2983 1373 3058 permiserunt
1408 2980 1557 3039 Scheffer·

258 3098 420 3156 Boichorst
444 3104 475 3153 et
499 3095 651 3170 Wiegand
673 3095 926 3170 Argentinenses
956 3093 1046 3150 Dove
1068 3093 1187 3148 Menzel
1211 3091 1325 3148 Nissen
1347 3092 1447 3149 Ritter
1476 3091 1558 3149 Bon·

259 3222 382 3263 nenses.
426 3205 587 3262 Sodalibus
622 3204 774 3260 seminarii
806 3201 1004 3277 geographici
1034 3219 1084 3257 me
1106 3202 1267 3277 adscripsit
1295 3201 1384 3260 Rein.
1435 3201 1558 3258 Exerci-

259 3315 427 3372 tationibus
450 3313 639 3388 philologieis
662 3320 697 3368 ut
719 3313 898 3369 interessem
922 3312 1055 3386 benigne
1077 3314 1232 3370 concessit
1254 3310 1431 3369 Buecheler.

360 3422 480 3496 Quibus
509 3423 577 3480 viris
611 3422 752 3479 omnibus
784 3422 897 3498 gratias
928 3421 1029 3480 habeo
1068 3423 1225 3481 maximas.
1283 3421 1319 3477 In
1351 3418 1453 3494 primis
1485 3431 1556 3470 vero

261 3533 451 3590 Buechelero
476 3531 609 3588 Nisseno
633 3530 772 3588 Usenero
795 3533 870 3606 quid
893 3534 1025 3590 debeam
1047 3550 1201 3607 nunquam
1224 3530 1392 3589 obliviscar.
