3634 5242
906 375 945 434 27

276 560 352 618 tium
395 560 423 618 5.
445 557 620 615 Minturnae
666 559 696 616 6.
720 555 889 613 Bovianum
911 553 1009 612 Vetus
1056 557 1083 613 7.
1100 555 1268 612 Bovianum
1282 553 1573 614 Undecumanorum

277 671 306 728 8.
322 667 439 726 Hadria
482 669 511 728 9.
525 666 656 723 Firmum
702 668 750 725 10.
767 665 914 722 Asculum
959 667 1006 723 11.
1022 665 1126 722 Falerii
1175 667 1219 723 12.
1234 665 1376 722 Rusellae
1426 665 1575 726 13.Luca

280 779 327 839 14.
351 777 514 834 Brixellum
560 779 606 836 15.
630 775 750 832 Mutina
795 777 842 833 16.
865 773 1020 832 Placentia
1067 777 1113 832 17.
1138 773 1287 848 Aquileia.

374 886 485 942 Restat
506 892 541 941 ut
559 901 621 958 quo
644 893 783 957 ternpore
807 883 937 955 Augusti
960 883 1078 940 urbium
1101 881 1276 940 Italicarum
1303 882 1422 940 indices
1456 884 1573 942 exarati

278 997 339 1054 sint
358 1011 553 1070 quaeramus,
597 991 768 1066 Compositi
789 1000 860 1048 sunt
881 1000 953 1066 post
984 1009 1011 1050 a.
1034 1009 1061 1050 a.
1085 991 1118 1050 C.
1143 995 1190 1063 25,
1225 1009 1296 1048 nam
1328 991 1409 1048 inest
1431 991 1575 1065 Augusta

277 1105 435 1163 Praetoria
458 1101 532 1175 (Dio
558 1104 606 1169 53,
630 1097 693 1176 25),
716 1110 747 1158 et
769 1109 840 1176 post
862 1120 888 1160 a.
913 1119 941 1158 a.
965 1099 1001 1188 C.
1024 1105 1051 1174 s,
1074 1102 1159 1178 quod
1182 1102 1241 1160 iam
1274 1101 1446 1159 accuratius
1484 1101 1575 1175 expli-

277 1216 410 1273 candum
432 1221 488 1272 est.
522 1211 637 1268 Finitur
658 1210 741 1285 regio
764 1210 885 1268 decima
906 1211 1024 1286 illyrico
1051 1211 1243 1268 contermina
1268 1210 1357 1268 fluvio
1381 1205 1489 1268 Arsia1
1523 1204 1574 1287 (cl.

276 1326 390 1384 11144.
416 1325 487 1382 129.
512 1322 581 1380 132.
607 1321 767 1379 138.139.
793 1316 875 1393 150).
928 1319 991 1391 Qui
1022 1321 1148 1394 quando
1177 1319 1323 1376 terminus
1345 1319 1453 1378 Italiae
1476 1318 1576 1376 factus

278 1435 317 1492 sit
335 1433 504 1490 edocemur
524 1429 681 1488 Strabonis
703 1430 772 1486 loco
795 1428 852 1484 Vll
874 1446 903 1503 p.
920 1429 980 1488 314
1005 1423 1130 1503 ἔφαμεν
1153 1423 1220 1489 δ’ἐν
1250 1429 1288 1506 τῇ
1321 1424 1485 1508 περιοόείᾳ
1517 1429 1576 1503 τῆς

278 1538 503 1616 Ἰταλίας...
534 1534 614 1600 διότι
647 1533 737 1612 μέχρι
751 1530 872 1611 ΙΠόλος
894 1523 1048 1612 Ἰστρικῆς
1080 1533 1211 1612 πόλεως
1240 1535 1428 1613 προήγαγον
1460 1533 1490 1598 οἱ
1519 1537 1577 1599 νῦν

278 1647 437 1726 ἡγεμόνες
459 1645 537 1724 τοὺς
560 1649 618 1722 τῆς
644 1631 778 1720 Ἰταλίας
794 1641 904 1721 ὅρους.
942 1646 1098 1705 Tiberium
1112 1647 1210 1722 igitur,
1227 1665 1288 1722 quo
1305 1655 1452 1721 regnante
1467 1648 1576 1706 Strabo

279 1761 439 1830 scribebat,
462 1759 533 1816 novi
558 1757 666 1816 Italiae
688 1757 755 1814 finis
779 1756 989 1814 constituendi
1013 1755 1105 1815 fuisse
1126 1755 1314 1832 participem,
1344 1775 1413 1815 cum
1449 1759 1577 1816 alterum

279 1864 424 1945 ἡγεμόνα
447 1868 621 1943 Augustum
642 1865 735 1924 luisse
758 1873 1001 1922 consentaneum
1023 1865 1071 1933 sit,
1095 1865 1246 1922 Nisseuus
1266 1883 1323 1923 suo
1344 1865 1408 1923 iure
1431 1863 1574 1941 colligit2.

278 1979 342 2037 Sed
364 1979 449 2054 quod
471 1984 597 2053 propter
619 1976 745 2034 verbum
764 1969 922 2050 ἡγεμόνες
938 1973 1058 2031 Arsiam
1077 1974 1185 2031 Italiae
1202 1975 1365 2032 terminum
1380 1975 1493 2034 factum
1509 1993 1578 2034 esse

279 2087 353 2146 dicit
375 2106 402 2148 a.
424 2105 454 2162 p.
479 2086 513 2146 C.
540 2087 577 2145 13
602 2093 657 2144 aut
680 2088 730 2153 14,
758 2101 822 2142 non
854 2091 971 2140 rectum
1006 2091 1090 2158 putu.
1147 2083 1229 2142 Nam
1261 2084 1390 2159 primum
1422 2085 1579 2144 Strabonis

279 2197 373 2255 verba
394 2215 457 2254 non
479 2195 656 2253 necessario
682 2194 724 2250 ita
747 2194 979 2269 interpretanda
1000 2201 1081 2262 sunt,
1109 2202 1143 2251 ut
1165 2193 1321 2252 Tiberium
1349 2212 1411 2270 quo
1441 2202 1580 2270 tempore

281 2305 357 2363 fines
390 2305 498 2380 prolati
533 2312 605 2361 sunt
637 2320 769 2360 summas
801 2303 832 2360 in
863 2303 1018 2377 republica
1050 2303 1194 2362 habuisse
1227 2311 1399 2378 potestates
1426 2311 1579 2378 putemus.

282 2412 404 2470 Deinde
428 2433 497 2472 cum
516 2414 683 2489 Hispaniae
706 2422 738 2471 et
761 2415 880 2472 Siciliae
913 2411 1004 2490 (inira
1030 2433 1059 2489 p.
1078 2417 1116 2474 37
1133 2412 1212 2492 sqq.)
1246 2425 1310 2473 tum
1341 2415 1450 2472 Italiae
1483 2414 1578 2490 ipsius

285 2518 392 2598 (supra
422 2543 452 2599 p.
469 2526 508 2583 23
525 2520 584 2600 sq.)
619 2525 783 2582 laterculos
803 2533 875 2582 ante
908 2525 1030 2584 ultimos
1053 2525 1183 2600 Augusti
1217 2543 1315 2584 annos
1351 2542 1419 2583 esse
1449 2525 1579 2600 scriptos

280 2631 422 2706 gravibus
445 2633 672 2692 demonstratur
692 2634 888 2708 argumentis.
933 2634 1086 2709 Equidem
1109 2643 1184 2709 puto
1207 2634 1373 2702 Tiberium,
1416 2649 1484 2689 cum
1503 2651 1529 2692 a.
1552 2651 1578 2692 a.

195 2789 196 2792 η
281 2741 314 2800 C.
338 2745 356 2798 tl
382 2741 573 2800 Pannoniam
595 2742 789 2815 debellasset,
813 2743 941 2816 Augusti
962 2743 1103 2817 auspiciis
1126 2743 1200 2801 lines
1223 2743 1330 2801 Italiae
1357 2736 1580 2818 propagassei.

281 2849 371 2909 Certe
394 2859 466 2908 ante
487 2851 520 2907 id
542 2859 663 2927 tempus
686 2851 812 2927 quaudo
834 2851 906 2909 huic
930 2853 1057 2927 negotio
1080 2853 1227 2911 interesse
1250 2852 1383 2927 potuerit
1405 2849 1522 2908 nescio.

384 3071 566 3125 1Reiutanda
584 3081 643 3124 sunt
662 3089 702 3140 ea,
721 3088 789 3139 quae
808 3074 854 3125 W.
872 3073 1041 3124 Kubitschek
1058 3074 1086 3124 in
1111 3074 1179 3124 libro
1202 3074 1234 3122 de
1252 3073 1435 3122 Romanorum
1462 3061 1582 3122 tribuum

282 3174 391 3235 origine
408 3187 441 3220 ac
457 3174 660 3236 propagatione
670 3169 900 3234 (Abhandlungeu
919 3172 964 3222 des
979 3172 1144 3238 areb-epigr.
1157 3171 1287 3222 Seminars
1301 3169 1348 3219 der
1364 3170 1489 3220 Univers.
1500 3169 1583 3218 Wien

282 3266 363 3335 1882)
380 3285 406 3333 p.
425 3267 531 3320 81-87
551 3268 702 3333 disputavit.
741 3269 793 3334 Qui
812 3269 923 3318 maxime
943 3269 1076 3318 nominum
1095 3284 1162 3335 quae
1187 3268 1256 3334 apud
1274 3266 1392 3316 Plinium
1410 3267 1452 3314 111
1479 3265 1531 3318 130
1557 3272 1583 3316 et

282 3363 334 3416 139
353 3381 392 3429 sq.
413 3364 573 3430 reperiebat,
591 3363 759 3414 similitudine
779 3366 901 3431 deceptus
920 3365 1020 3416 Italiam
1040 3366 1073 3414 ab
1091 3368 1214 3429 Augusto
1234 3363 1390 3428 descriptam
1408 3379 1462 3413 non
1480 3363 1514 3413 ad
1532 3366 1582 3413 Ar-

280 3461 345 3512 siam
363 3461 451 3510 solum
469 3461 637 3528 pertinuisse,
656 3462 704 3510 sed
722 3468 824 3526 partem
844 3462 923 3512 etiam
942 3469 1085 3513 conventus
1098 3460 1282 3512 Scardonitani
1299 3475 1384 3525 usque
1405 3460 1438 3508 ad
1448 3457 1582 3510 Telavium

281 3558 362 3608 fuisse
381 3558 535 3624 conplexam
554 3558 698 3610 contendit.
737 3559 814 3624 Quod
834 3575 888 3609 non
909 3565 1005 3609 rectum
1025 3567 1073 3612 est.
1103 3559 1174 3609 Facit
1194 3565 1283 3608 contra
1301 3559 1339 3608 K.
1357 3556 1469 3622 primum
1488 3556 1583 3606 Arsiae

280 3654 339 3704 linis
357 3655 452 3704 Italiae
471 3655 683 3704 commemoratio
703 3655 800 3704 totiens
819 3656 887 3721 apud
905 3655 1020 3705 Plinium
1039 3656 1157 3722 repetita,
1176 3653 1273 3704 deinde
1292 3653 1366 3720 quod
1383 3653 1414 3712 is,
1447 3668 1525 3718 quem
1544 3654 1582 3704 K.

281 3751 414 3817 construit,
433 3751 527 3800 Italiae
546 3751 612 3810 finis,
632 3751 786 3801 artificiosus
805 3752 920 3818 insuper.
941 3769 1071 3818 nusquam
1090 3753 1223 3818 reperitur,
1244 3752 1323 3801 immo
1345 3751 1448 3800 Plinius
1475 3749 1501 3816 (ἕ
1522 3748 1583 3814 127)

282 3846 393 3896 anticum
419 3853 507 3896 auctae
527 3847 621 3896 Italiae
649 3848 789 3897 terminum
816 3849 936 3897 nominat
952 3849 1129 3914 Formionem‚
1159 3847 1274 3914 denique
1304 3847 1376 3912 quod
1406 3845 1501 3896 Strabo
1531 3846 1583 3894 iam

281 3943 399 3992 citandus
418 3944 545 4010 principes
564 3945 689 4004 nominat,
709 3944 753 4009 qui
772 3943 955 4011 προήγαγον
974 3945 1119 3996 terminum.
1143 3974 1172 3981 -
1189 3945 1232 3994 De
1251 3944 1409 3995 Mommseni
1428 3943 1584 4006 coniectura,

281 4039 326 4104 qui
344 4039 436 4105 primis
455 4041 571 4104 Augusti
588 4041 752 4106 temporibus
771 4048 854 4092 totum
873 4042 1007 4106 Illyricum
1025 4042 1116 4092 Italiae
1136 4041 1232 4092 linibus
1256 4039 1473 4106 comprehensum
1501 4038 1584 4088 luisse

281 4142 355 4202 putat
373 4138 474 4200 (comm.
494 4137 526 4186 ad
545 4153 616 4190 mon.
635 4139 732 4204 Ancyr.
752 4155 776 4204 p.
789 4137 839 4190 121
851 4137 904 4205 sq.)
924 4153 1003 4204 supra
1022 4139 1056 4203 (p.
1069 4136 1115 4206 20)
1134 4139 1185 4188 iam
1202 4138 1324 4188 diximus.

380 4228 543 4282 ssltaliscke
560 4233 763 4283 Laudeskunde
780 4251 806 4300 p.
825 4233 858 4286 81
879 4235 940 4286 adn.
961 4233 983 4285 1.

382 4323 488 4377 ⁸Idem
507 4328 597 4378 statuit
614 4329 786 4378 Detleiseuus
814 4327 887 4394 (Das
905 4329 1060 4378 Fumarium
1078 4329 1161 4378 Roms
1179 4328 1239 4378 und
1261 4328 1305 4380 die
1325 4328 1450 4379 Gramen
1467 4329 1584 4379 Italicus

282 4426 398 4474 Hermae
416 4425 469 4476 vol.
488 4425 563 4474 XXI
581 4441 606 4490 p.
625 4422 761 4491 515-18)
780 4425 869 4474 finium
888 4425 978 4476 Italiae
998 4426 1212 4491 propagationem
1231 4441 1287 4475 cum
1307 4426 1419 4491 pomerii
1435 4424 1584 4492 prolatione

283 4538 298 4570 a
317 4522 402 4572 Dione
421 4521 468 4590 (ad
487 4539 510 4574 a.
530 4537 552 4574 a.
572 4521 601 4573 C.
619 4521 654 4585 8),
673 4523 772 4590 Tacito,
791 4523 909 4588 Vopisco
928 4528 1032 4572 narrata
1043 4523 1253 4586 coniungendam
1274 4538 1332 4572 esse
1346 4527 1425 4574 ratus.
1456 4522 1510 4574 Sed
1524 4537 1585 4572 num

283 4624 336 4668 tres
366 4617 396 4667 hi
425 4617 564 4684 scriptores
592 4625 663 4668 recta
691 4619 843 4668 tradiderint
872 4619 950 4669 valde
979 4619 1091 4670 dubium
1116 4626 1157 4668 est
1184 4619 1341 4684 (Mommsen
1371 4618 1476 4671 Staatsr.
1496 4619 1524 4670 11
1552 4615 1586 4672 2²

282 4712 529 4780 mmmn
