3634 5242
907 320 946 380 26

283 521 441 572 auctorem
460 511 491 569 in
514 508 641 568 coloniis
663 505 879 568 enumerandis
902 503 1028 562 omnino
1053 521 1117 562 non
1149 502 1243 561 fuisse
1277 501 1477 561 statuendum
1508 518 1578 560 esse

284 616 428 700 putavit¹.
473 619 551 679 Nam
572 618 700 676 coloniis
722 615 956 674 triumviralibus
978 623 1012 671 et
1033 613 1178 688 Augustis
1200 612 1298 671 solum
1322 612 1361 669 ab
1384 612 1524 687 Augusto
1538 631 1578 670 eo

283 731 405 789 nomine
438 728 574 804 signatis
611 735 730 785 ceteras
764 718 956 783 coloniarum
992 723 1056 780 iure
1087 721 1205 798 privari.
1251 720 1355 792 Quare
1376 723 1467 780 verba
1491 721 1578 780 Plinii

282 837 299 916 ξ
320 841 360 900 46
381 841 597 917 interpretatur
619 855 651 892 er
670 840 740 910 sagi
759 833 847 902 wohl,
871 835 938 890 dass
952 833 996 890 dr'e
1011 851 1064 890 von
1080 832 1139 890 itm
1153 834 1200 889 als
1225 831 1360 890 Colonien
1380 829 1578 908 angesilrrlen

288 949 357 1007 Orte
379 949 411 1006 in
431 951 483 1006 der
515 943 720 1022 augustinum
744 943 833 1012 Lisie,
866 942 948 1000 nieht
975 941 1045 1000 aber
1075 943 1142 998 dass
1170 943 1211 998 rie
1245 943 1334 998 dorin
1365 942 1411 998 als
1442 939 1578 999 Colonien

282 1058 412 1116 rtdndm.
456 1055 537 1115 Fieri
560 1072 624 1112 uon
642 1070 737 1129 posse
760 1061 795 1110 ut
817 1051 860 1110 ita
892 1052 1126 1128 interpretemur
1159 1067 1215 1110 suo
1248 1050 1314 1108 iure
1344 1050 1483 1108 ostendit
1504 1049 1579 1108 Bor·

281 1163 441 1233 mannus²‚
476 1165 533 1223 sed
568 1163 683 1220 deinde
716 1162 795 1220 viam
828 1161 1000 1237 explicandi
1030 1178 1094 1218 non
1126 1161 1318 1236 probandam
1339 1159 1494 1234 ingressus
1522 1169 1577 1221 est.

282 1275 374 1334 Putat
397 1275 477 1332 enirn
501 1273 625 1332 coloniis
647 1270 761 1330 ethnici
785 1270 882 1328 forma
903 1271 1024 1346 scriptis
1046 1271 1189 1328 additum
1212 1270 1306 1328 fuisse
1332 1269 1426 1327 coloni
1453 1269 1515 1337 mei,
1547 1269 1579 1328 id

281 1386 367 1461 quod
399 1383 438 1440 ab
472 1383 605 1440 indicum
627 1381 735 1438 horum
755 1387 864 1438 natura
886 1379 1051 1438 abhorrere
1070 1379 1142 1436 mihi
1169 1378 1297 1437 videtur.
1342 1377 1479 1436 Conlatis
1509 1396 1579 1454 pro·

281 1493 447 1551 vinciarum
470 1491 624 1551 laterculis
644 1489 787 1566 Augustis
810 1498 939 1565 apparet
967 1491 1179 1566 quaerendum
1211 1506 1277 1548 esse
1308 1489 1407 1546 sintne
1439 1489 1579 1547 coloniae

282 1601 410 1679 Augusti
440 1601 567 1660 meliore
601 1617 694 1676 quam
725 1607 846 1658 ceterae
875 1599 981 1658 Italiae
1017 1597 1155 1656 civitates
1188 1615 1261 1657 usae
1292 1597 1362 1656 iuris
1395 1597 1579 1656 condicione

281 1721 405 1787 propter
427 1727 519 1786 quam
540 1726 595 1766 eas
617 1708 727 1783 insigni
749 1708 780 1765 in
805 1709 873 1766 loco
897 1717 1027 1784 poneret
1049 1707 1216 1783 Augustus.
1261 1707 1300 1766 Et
1322 1706 1456 1766 habuere
1489 1708 1578 1784 privi-

282 1820 394 1897 legium
416 1837 510 1877 unum
532 1819 606 1878 satis
633 1835 735 1894 grave.
785 1816 932 1892 Legimus
959 1818 1039 1876 enim
1073 1819 1158 1894 apud
1186 1817 1363 1875 Suetonium
1394 1812 1487 1894 (Aug.
1511 1811 1578 1894 46):

280 1923 431 2006 (Ilalt'am)
456 1930 520 1986 t'ure
536 1948 570 1986 ac
591 1929 762 2004 dignatione
780 1926 851 1984 urbi
868 1929 993 2002 quodam
1006 1929 1086 1984 niodo
1102 1937 1162 2000 pro
1179 1933 1267 2002 parte
1278 1927 1383 2000 alz'qua
1401 1927 1580 2001 adaequavit

279 2038 329 2112 (sc.
354 2039 528 2114 Augustus),
551 2038 715 2113 excogitato
736 2055 843 2112 genere
864 2035 1085 2112 suffragiorum,
1120 2055 1194 2110 quae
1226 2037 1259 2092 de
1280 2035 1499 2110 magistratibus
1526 2055 1577 2092 ur·

281 2147 350 2207 breis
371 2150 538 2207 decuriones
560 2149 683 2208 colonici
704 2150 735 2206 in
757 2167 812 2206 sua
834 2150 956 2224 quisque
978 2148 1090 2206 colonia
1103 2146 1228 2224 ferrent
1248 2152 1276 2204 el
1294 2145 1347 2203 sub
1375 2149 1421 2204 die
1452 2147 1576 2206 comitto·

280 2277 347 2317 rum
370 2258 523 2334 obsignate
546 2257 667 2316 Romam
688 2260 840 2318 mitterent.
884 2258 956 2331 Quo
979 2258 1049 2316 loco
1063 2257 1243 2316 Suetonium
1257 2257 1464 2333 Augustarum
1479 2257 1578 2315 solum

282 2367 471 2426 coloniarum
499 2367 683 2426 decuriones
718 2367 888 2443 significare
923 2377 1064 2445 apertum
1092 2376 1156 2438 est,
1187 2385 1260 2426 nam
1292 2367 1428 2426 colonias
1461 2375 1578 2424 veteres

286 2476 444 2550 Augustus
467 2494 520 2535 cur
542 2486 744 2553 anteponeret
763 2475 954 2554 municipiis?
997 2478 1134 2536 Amisere
1167 2477 1307 2536 coloniae
1332 2477 1490 2551 Augustae
1520 2475 1580 2534 hoc

280 2584 470 2662 privilegium
491 2606 518 2646 a.
542 2605 570 2662 p.
595 2584 629 2646 C.
656 2590 694 2648 14
717 2587 866 2663 suffragiis
889 2607 908 2648 a
929 2588 1046 2664 populo
1067 2588 1109 2646 ad
1132 2595 1272 2645 senatum
1295 2581 1467 2644 translatisl
1488 2595 1519 2644 et
1534 2586 1578 2642 vi-

280 2695 420 2754 debimus
441 2696 519 2754 inira
540 2691 582 2775 (p.
605 2689 738 2772 til-eas
760 2696 943 2774 Vespasiani
963 2705 1103 2773 tempore
1130 2704 1299 2755 ceterarum
1335 2695 1500 2754 civitatium
1533 2695 1578 2752 in·

279 2805 340 2863 dici
362 2805 488 2864 inveniri
521 2807 661 2876 insertas,
695 2808 753 2865 sed
786 2807 999 2866 laterculorum
1021 2806 1229 2882 Augustorum
1263 2823 1315 2864 cur
1343 2805 1394 2862 illa
1416 2804 1456 2864 sit
1482 2803 1578 2864 forma

280 2913 417 2974 Suetonii
437 2915 506 2974 loco
528 2915 643 2994 optime
665 2917 838 2993 explicatur.

379 3024 488 3084 Restat
509 3035 542 3084 ut
567 3043 747 3102 quaeramus
770 3043 929 3085 numerum
957 3027 1147 3086 coloniarum
1168 3034 1241 3085 ante
1264 3043 1396 3103 pugnam
1418 3025 1577 3084 Actiacam

281 3137 312 3188 et
333 3141 406 3207 post
424 3150 492 3190 eam
515 3135 728 3194 deductarum.
773 3135 809 3193 In
841 3135 992 3194 indicibus
1020 3135 1152 3210 Augusti
1185 3137 1288 3194 inesse
1322 3135 1461 3210 vidimus,
1488 3133 1577 3192 Ostia

279 3241 425 3318 seposita,
447 3241 583 3300 colonias
598 3244 647 3302 46.
690 3243 757 3302 Suis
773 3244 916 3320 auspiciis
932 3244 1084 3302 deductas
1097 3244 1217 3302 Italiam
1232 3244 1346 3302 habere
1362 3245 1402 3302 28
1418 3245 1577 3319 Augustus

280 3351 347 3427 ipse
369 3351 413 3408 ait
433 3350 465 3408 in
492 3350 594 3408 indice
616 3368 715 3410 rerum
736 3371 756 3410 a
777 3370 812 3412 se
831 3362 995 3430 gestarum.
1041 3352 1100 3426 Qui
1123 3354 1206 3412 haud
1229 3353 1322 3412 dubie
1356 3363 1405 3411 est
1435 3371 1577 3412 numerus

281 3469 352 3537 post
374 3460 534 3520 Actiacam
558 3460 715 3519 victoriam
748 3462 960 3523 deductarum.
1015 3463 1176 3540 Appianas
1205 3459 1246 3538 (b.
1270 3481 1295 3523 c.
1319 3464 1348 3536 4,
1371 3459 1404 3539 3)
1431 3463 1506 3521 dicit
1538 3466 1576 3522 18

280 3571 400 3628 urbium
411 3570 519 3628 Italiae
540 3570 690 3628 territoria
711 3589 730 3629 a
752 3571 910 3630 triumviris
934 3573 1201 3648 adsignationibus
1221 3571 1314 3630 fuisse
1330 3573 1494 3633 destinata.
1531 3573 1578 3630 Ex

280 3697 341 3755 quo
363 3697 490 3738 numero
512 3689 662 3753 exceptae
680 3689 751 3738 sunt
773 3681 853 3739 duae
876 3680 956 3739 Vibo
979 3689 1074 3760 atque
1091 3682 1222 3757 Regium
1245 3676 1340 3759 (App.
1363 3683 1392 3744 b.
1415 3700 1441 3740 c.
1463 3685 1491 3757 l,
1514 3677 1577 3758 86).

281 3786 365 3847 Dicit
389 3797 552 3863 praeterea
571 3790 654 3849 idem
677 3789 834 3866 Appianas
854 3791 896 3864 (b.
920 3809 947 3848 c.
972 3793 1001 3868 5,
1023 3784 1077 3866 22)
1100 3787 1157 3851 τὸν
1175 3785 1342 3867 Καίσαρα.
1365 3837 1373 3852 .
1395 3837 1402 3851 .
1424 3787 1483 3866 τὴν
1502 3778 1577 3852 Ἰτα-

282 3892 354 3957 λίαν
378 3895 498 3972 σχεδόν
520 3893 653 3961 ἅπασαν
675 3895 746 3962 ἀντὶ
767 3895 877 3975 μόνων
897 3896 1116 3962 ὀκτωκαίδεκα
1142 3897 1272 3963 πόλεων
1305 3901 1374 3977 ταῖς
1406 3897 1578 3977 ἐστρατευ-

280 4003 390 4082 μένοις
412 4003 641 4086 καταγράφειν,
666 4004 826 4084 τέσσαρσί
847 4025 882 4070 τε
905 4005 958 4070 καὶ
977 4005 1149 4085 τριάκοντα
1171 4007 1298 4072 τέλεσιν
1322 4005 1393 4072 ἀντὶ
1414 4005 1499 4072 ὀκτὼ
1525 4007 1578 4071 καὶ

280 4109 381 4176 εἴκοσι
402 4115 469 4176 τῶν
492 4112 773 4193 συμμαχησάντων
794 4114 953 4194 ἐπινέμειν
975 4120 1045 4193 γῆν.
1088 4119 1134 4176 Ex
1157 4136 1220 4196 quo
1252 4120 1388 4195 sequitur
1418 4137 1578 4178 numerum

279 4225 359 4282 illum
385 4228 422 4282 18
445 4225 534 4283 nobis
556 4226 630 4283 nulli
652 4227 721 4285 usui
742 4245 819 4286 esse.
867 4225 1109 4303 Comprehendit
1132 4237 1291 4304 praeterea
1313 4246 1366 4286 eas
1394 4227 1491 4286 solum
1524 4246 1577 4286 co·

278 4332 385 4404 ionias,
408 4351 488 4410 quae
511 4335 615 4394 statim
636 4345 708 4412 post
729 4353 865 4412 pugnam
887 4336 1114 4414 Philippensem
1147 4348 1235 4396 erant
1266 4339 1480 4406 deducendae,
1512 4355 1576 4396 non

279 4491 418 4499 -υ--υ-η.
428 4494 445 4498 ..
457 4494 475 4498 -

378 4571 388 4608 ¹
408 4577 522 4626 Hermae
542 4576 594 4626 vol.
618 4577 718 4628 XVIII
735 4595 760 4644 p.
780 4578 840 4633 207.
991 4577 1003 4615 ²
1025 4580 1043 4634 l.
1062 4580 1079 4633 l.
1098 4597 1124 4647 p.
1143 4580 1178 4632 34
1197 4598 1234 4647 sq.

378 4667 390 4704 Β
407 4673 557 4724 Mommsen
575 4674 684 4728 διιαιεν.
703 4677 745 4726 ΙΠ
765 4676 778 4728 1
798 4693 823 4743 p.
843 4675 896 4731 347
915 4694 954 4743 sq.
