3634 5242
888 369 925 428 12

356 551 485 610 fortasse
518 561 588 626 post
623 569 650 612 a.
675 569 701 611 a.
724 550 757 610 C.
785 553 830 611 151
856 555 942 628 quod
971 553 1099 628 legimus
1135 557 1219 632 apud
1252 553 1384 614 Dionem
1410 550 1474 635 (54,
1504 553 1555 636 23)

256 655 331 720 τότε
348 656 384 720 δὲ
398 654 510 734 πόλεις
527 654 562 720 ἔν
577 676 612 720 τε
627 661 665 738 τῇ
683 655 819 740 Γαλατίᾳ
842 657 893 720 καὶ
916 658 950 723 ἐν
966 663 1004 741 τῇ
1027 657 1142 742 Ἰβηρίᾳ
1164 660 1288 739 συχνὰς
1308 659 1460 745 ἀπῴκισε,
1483 685 1556 726 nam

257 769 453 840 coloniarum,
479 787 557 844 quae
580 769 663 845 apud
687 768 817 828 Plinium
840 771 1038 848 reperiuntur,
1059 774 1225 832 nonnullae
1247 773 1306 831 hoc
1329 791 1412 833 anno
1427 786 1555 851 possunt

256 895 325 936 esse
348 879 510 938 deductae.
556 878 751 955 Quamquam
773 879 832 938 hoc
854 889 968 940 certum
990 899 1054 940 non
1076 889 1132 942 est.

356 986 490 1063 Scriptus
506 996 554 1046 est
565 987 652 1048 liber:
673 997 744 1048 ante
765 987 945 1066 Vespasiani
960 998 1110 1066 tempora,
1130 992 1190 1066 qui,
1213 999 1247 1049 ut
1264 993 1351 1052 testis
1374 1003 1420 1052 est
1443 994 1553 1054 Plinius

254 1097 321 1171 ipse
341 1097 384 1168 (n.
401 1096 430 1158 h.
454 1095 494 1154 lll
518 1095 581 1173 aul,
604 1097 765 1156 universae
781 1098 950 1174 Hispaniae
972 1100 1118 1159 iactatum
1139 1101 1280 1177 procellis
1296 1103 1482 1179 reipublicae
1493 1104 1553 1163 La·

256 1207 330 1264 tium
351 1206 464 1275 tribuit,
488 1223 557 1264 cum
581 1206 611 1264 in
634 1207 786 1266 laterculis
808 1208 852 1266 his
876 1210 970 1268 etiam
992 1209 1169 1270 foederatos
1196 1211 1309 1270 liberos
1337 1212 1553 1290 stipendiarios

254 1317 458 1386 inveniamus3

354 1434 426 1484 ante
450 1425 591 1496 Galbam,
624 1445 695 1485 nam
719 1426 828 1486 Clunia
859 1427 891 1485 in
925 1429 1025 1488 indice
1060 1431 1199 1489 nondum
1233 1431 1353 1491 colonia
1380 1433 1553 1490 nominatur

254 1532 295 1611 (p.
321 1531 382 1610 10).
427 1536 604 1612 Appellatur
627 1545 731 1595 autem
754 1537 875 1596 colonia
902 1539 986 1613 apud
1013 1538 1223 1598 Ptolemaeum
1257 1534 1297 1618 (11
1322 1543 1348 1611 6,
1372 1539 1423 1619 56)
1458 1551 1489 1600 ct
1522 1544 1554 1601 in

253 1644 341 1702 titulo
365 1643 430 1703 CIL
451 1645 479 1702 Il
501 1663 530 1706 n.
554 1649 644 1716 2780,
679 1665 771 1722 quam
804 1649 1017 1706 condicionem
1055 1659 1181 1725 propter
1210 1669 1326 1709 nomen
1361 1651 1437 1710 SVL
1473 1648 1502 1728 (i.
1525 1673 1551 1712 c.

254 1752 399 1830 Sulpicia)
420 1755 452 1812 in
474 1756 603 1814 nummis
627 1757 746 1815 Galbae
769 1758 834 1815 urbi
858 1755 1018 1817 additum1
1040 1779 1059 1818 a
1079 1760 1179 1818 Galba
1198 1763 1312 1837 adepta
1332 1779 1401 1820 esse
1423 1763 1551 1833 videtur,

256 1865 303 1922 cui
325 1865 356 1922 in
379 1882 417 1922 ea
440 1866 641 1924 commoranti
664 1867 823 1942 imperium
846 1868 983 1926 delatum
1004 1865 1078 1928 est2.
1130 1867 1235 1958 Quare
1268 1869 1361 1929 verba
1395 1869 1447 1926 ubi
1476 1890 1553 1928 nunc

257 1971 449 2030 Flauiobrica
467 1975 581 2031 colonia
604 1969 648 2053 (n.
672 1975 698 2032 h.
716 1975 759 2032 IV
784 1979 842 2036 110
866 1977 903 2036 cf.
926 1996 1016 2054 supra
1037 1997 1066 2054 p.
1085 1975 1137 2054 10)
1152 1979 1191 2036 ab
1214 1979 1282 2054 ipso
1298 1978 1392 2037 Plinio
1413 1979 1553 2037 videntur

255 2083 372 2152 addita,
396 2101 458 2142 non
479 2101 517 2140 ex
539 2085 641 2144 indice
664 2095 794 2162 sumpta.
838 2087 899 2146 Sed
922 2089 1081 2147 artioribus
1104 2088 1195 2148 etiam
1228 2087 1337 2146 finibus
1370 2089 1551 2164 restringere

254 2211 416 2268 possumus
438 2193 612 2254 laterculos.
1277 2259 1279 2262 .

353 2302 388 2360 In
411 2303 455 2361 eis
478 2303 610 2362 Dertosa
633 2305 806 2381 appellatur
825 2306 1022 2382 municipium
1044 2299 1087 2385 (p.
1113 2304 1153 2383 9).
1198 2305 1292 2379 Quod
1315 2282 1428 2366 nomen
1450 2307 1479 2365 ei
1497 2309 1552 2366 ad·

255 2413 400 2488 scriptum
422 2413 559 2472 videmus
581 2414 673 2472 etiarn
695 2415 727 2472 in
748 2417 878 2474 nummis
900 2424 932 2474 et
954 2417 1127 2474 autonomis
1158 2425 1189 2474 et
1210 2415 1324 2475 Tiberii
1356 2419 1457 2493 capite
1491 2419 1550 2492 sig-

253 2518 362 2581 natis3.
406 2521 523 2580 Extant
547 2523 638 2582 etiam
660 2526 776 2582 nummi
798 2526 864 2584 eius
887 2526 997 2600 signati
1021 2527 1121 2601 capite
1143 2534 1176 2584 et
1198 2524 1337 2585 Caesaris
1360 2527 1454 2603 patris
1488 2529 1550 2585 lau-

253 2639 340 2690 reato
362 2639 394 2690 et
416 2632 546 2706 Augusti
567 2634 688 2710 radiato
712 2642 743 2690 et
765 2633 877 2693 Tiberii
900 2635 1048 2708 laureato,
1078 2633 1238 2708 inquibus
1262 2634 1373 2693 dicitur
1397 2635 1519 2694 colonia
1527 2633 1548 2696 ⁴.

254 2742 302 2799 Ex
324 2759 385 2816 quo
410 2760 466 2800 suo
483 2743 548 2800 iure
565 2744 679 2818 colligit
690 2741 886 2814 Hilbncrus5,
909 2744 1074 2803 Dertosam
1088 2744 1284 2818 municipium
1299 2743 1448 2802 mansisse
1466 2752 1549 2802 certe

250 2869 347 2926 usque
363 2854 404 2910 ad
417 2851 532 2910 Tiberii
547 2854 749 2928 adoptionem
765 2873 792 2912 a.
816 2873 846 2930 p.
859 2853 892 2915 C.
908 2857 928 2914 4
950 2853 1064 2912 factam
1087 2861 1119 2910 et
1141 2853 1297 2929 aliquanto
1321 2861 1393 2928 post
1408 2853 1547 2912 coloniae

250 2961 314 3017 iure
337 2979 406 3019 esse
429 2963 587 3020 donatam.
632 2961 725 3034 Quod
749 2963 888 3036 Augusto
922 2962 1014 3020 etiam
1047 2970 1110 3020 tum
1141 2963 1312 3037 imperante
1343 2961 1457 3020 factum
1478 2980 1548 3028 esse

250 3073 422 3144 putandum
445 3079 491 3129 est
510 3079 635 3146 propter
655 3087 822 3144 nummum,
847 3071 878 3128 in
900 3088 962 3147 quo
979 3069 1119 3128 Caesaris
1143 3070 1236 3146 patris
1252 3078 1343 3145 caput
1363 3087 1470 3129 cusum
1489 3079 1546 3149 est,

252 3197 322 3237 nam
346 3179 469 3238 Tiberio
492 3180 662 3256 imperante
682 3181 797 3238 nummi
820 3178 960 3238 Caesaris
983 3180 1083 3256 capite
1105 3197 1168 3237 non
1186 3179 1299 3254 signati
1321 3189 1400 3240 sunt.

354 3289 486 3348 Accedit
509 3290 569 3348 alia
591 3307 649 3360 res,
672 3307 733 3364 qua
755 3289 968 3364 quaestionem
984 3297 1132 3364 quantum
1148 3306 1207 3364 ego
1223 3289 1285 3348 scio
1303 3291 1471 3350 accuratius
1485 3311 1548 3350 non

250 3404 411 3456 tractatam
435 3397 584 3456 contineri
607 3397 706 3455 video,
751 3396 866 3454 Bilbilis
887 3396 919 3454 in
941 3397 1094 3454 laterculis
1122 3397 1179 3455 illis
1217 3397 1259 3474 (p.
1284 3401 1316 3476 9)
1349 3409 1476 3458 vocatur
1496 3419 1548 3459 co·

252 3507 343 3579 lunia,
378 3507 464 3583 quod
495 3514 603 3565 contra
624 3506 763 3564 Hitbneri
794 3507 1010 3574 coniecturam,
1042 3507 1095 3582 qui
1128 3507 1292 3568 Dertosam
1330 3509 1547 3568 duodecimam

252 3601 495 3675 Tarraconensis
518 3618 602 3692 apud
628 3616 754 3674 Plinium
778 3633 845 3674 esse
873 3617 1024 3674 coloniam
1059 3625 1209 3678 statuerat
1217 3615 1238 3692 ⁶,
1268 3627 1352 3676 recte
1388 3621 1549 3678 contendit

251 3721 475 3784 Deuefsenust
521 3725 615 3784 Cuius
637 3726 719 3782 urbis
743 3733 849 3782 extant
870 3727 985 3784 nummi
1008 3726 1137 3800 Augusti
1170 3727 1356 3802 temporibus
1391 3728 1468 3798 cusi,
1501 3729 1548 3787 in·

251 3835 352 3910 scripti
376 3833 440 3892 MV
461 3843 513 3892 aut
532 3834 642 3896 MVN.
658 3834 869 3894 AVGVSTA.
884 3835 1063 3894 BILBlLlS.
1123 3836 1183 3908 Qui
1216 3853 1321 3894 omnes
1354 3847 1478 3914 propter
1500 3839 1545 3896 in·

254 3944 450 4020 scriptionem
482 3945 641 4020 Augustus.
675 3946 744 4005 dz'ui.
768 3945 800 4024 f
828 3951 921 4020 pater.
939 3947 1058 4018 patrica
1091 3955 1163 4020 post
1185 3963 1298 4004 annum
1327 3965 1354 4005 a.
1379 3946 1413 4006 C.
1439 3949 1456 4006 2
1486 3949 1547 4024 sig·

249 4054 315 4112 nati
328 4050 423 4113 sunt8.
457 4054 654 4131 Municipium
669 4056 838 4132 appellatur
851 4055 962 4114 Bilbilis
974 4056 1066 4114 etiam
1078 4055 1109 4112 in
1121 4054 1234 4114 Tiberii
1246 4064 1276 4112 et
1295 4054 1449 4130 Caligulae
1462 4075 1547 4116 num-

252 4278 450 4322 7-

349 4421 358 4459 ¹
380 4425 483 4477 Eckhel
501 4428 527 4479 d.
546 4443 571 4479 n.
592 4425 602 4477 l
623 4444 648 4494 p.
661 4425 705 4480 46.
807 4426 819 4463 2
836 4429 907 4480 Suet.
927 4429 1014 4480 Galba
1032 4429 1057 4482 9.
1093 4429 1163 4482 Plut.
1183 4430 1269 4481 Galba
1287 4431 1311 4484 6.

347 4519 481 4573 lEckhel
500 4522 525 4575 d.
546 4539 571 4575 n.
591 4523 604 4576 I
622 4539 647 4588 p.
668 4521 710 4574 51.
811 4520 945 4575 ⁴Eckhel
965 4525 990 4577 d.
1010 4541 1035 4577 u.
1055 4541 1080 4590 p.
1099 4524 1142 4578 47.

348 4617 607 4685 tfflnmm
720 4617 807 4674 tm
908 4616 1295 4688 tfflmmmpffi

348 4711 360 4750 ⁸
378 4718 501 4768 Mionnet
520 4717 604 4768 descr.
623 4717 670 4768 des
690 4719 758 4770 med.
778 4716 941 4783 ant.1p.30
960 4733 983 4770 n.
999 4717 1051 4770 217
1067 4734 1106 4784 sq.
1143 4719 1236 4786 Suppl.
1254 4721 1268 4770 I
1286 4736 1312 4786 p.
1323 4719 1358 4774 56
1372 4737 1398 4774 n.
1408 4721 1468 4775 315.
1482 4720 1534 4774 319
