3634 5242
888 364 926 419 14

414 543 616 604 Cambolectri
646 546 697 621 qui
728 544 873 602 Atlantici
903 545 1165 623 cognominantur,
1199 545 1312 604 Forum
1341 546 1470 622 Voconi,
1503 551 1553 609 37:

412 653 545 712 Glanum
566 655 642 734 Livi,
665 655 818 713 Lutebani
840 655 892 730 qui
915 663 947 712 et
969 655 1261 726 Foroneronienses,
1284 655 1475 715 Nemausum
1487 659 1561 717 Are·

412 765 606 840 comicorum,
631 764 775 840 Piscinae,
797 764 919 834 Ruteni,
943 764 1173 841 Samnagenses,
1189 765 1337 824 Tolosani
1352 766 1561 842 Tectosagum

414 869 614 950 (Aquitaniae
637 871 838 949 contermini),
861 874 1053 950 Tasgoduni,
1088 875 1400 948 Taruscononienses,
1431 875 1562 934 Umbra-

411 982 482 1052 nici‚
505 982 729 1041 Vocontiorum
750 967 923 1040 civitatis
945 983 1172 1042 foederatae
1205 985 1267 1042 duo
1289 986 1390 1061 capita
1409 985 1505 1045 Vasio
1527 996 1561 1044 et

411 1091 515 1151 Lucus
537 1093 678 1169 Augusti,
712 1093 828 1169 oppida
851 1109 922 1149 vero
944 1093 1090 1168 ignobilia
1111 1069 1230 1152 XVIIII
1251 1094 1329 1154 sicut
1355 1094 1475 1154 XXIIII
1497 1095 1560 1154 Ne·

410 1203 623 1262 mausensibus
645 1195 833 1262 adtributa.“
1213 1211 1215 1216 '
1411 1229 1415 1236 ·

361 1311 525 1370 Accedunt
547 1331 586 1371 ex
607 1313 724 1390 periplo
745 1311 837 1370 haec:

411 1421 466 1480 32:
490 1422 644 1500 „Ruscino
669 1421 902 1480 Latinorum.
919 1465 925 1480 .
943 1463 949 1477 .
966 1419 1070 1478 Narbo
1086 1419 1212 1480 Martius
1227 1422 1478 1484 Decumanorum
1494 1442 1536 1483 co
1548 1457 1561 1470 ·

411 1531 519 1591 lonia.
575 1534 629 1591 34:
662 1531 801 1589 Massilia
822 1524 1026 1603 (Graecorum
1048 1529 1302 1610 Phocaeensium)
1336 1533 1560 1592 foederata.

412 1640 466 1700 35:
489 1640 602 1697 Forum
634 1639 688 1696 Iuli
722 1637 952 1697 Octavanorum
988 1637 1139 1695 colonia
1172 1655 1253 1714 quae
1284 1639 1427 1700 Pacensis
1456 1643 1561 1717 appel-

412 1749 492 1807 latur
513 1756 544 1807 et
565 1746 771 1807 Classica...
796 1747 945 1823 oppidum
967 1746 1147 1804 Latinum
1169 1747 1352 1823 Anopolis.“

363 1855 503 1928 Quorum
524 1858 659 1915 indicum
682 1865 839 1915 auctorem
861 1873 929 1914 esse
951 1857 1133 1933 Augustum,
1161 1874 1231 1915 cum
1253 1875 1360 1916 eorum
1382 1857 1479 1918 forma
1499 1860 1560 1918 iam

262 1965 421 2041 probabile
443 1966 491 2041 sit,
512 1973 617 2025 tamen
637 1965 687 2023 hic
709 1981 832 2040 quoqne
853 1972 984 2040 tempus,
1007 1982 1069 2040 quo
1092 1967 1257 2042 conscripti
1285 1966 1354 2043 sint,
1387 1969 1559 2028 accuratius

260 2075 505 2134 circumscribere
536 2083 724 2152 temptantes
759 2074 1045 2134 demonstrabImus
1087 2073 1198 2154 Scripti
1231 2055 1302 2134 sunt
1326 2077 1462 2136 laterculi
1482 2077 1559 2137 Nar-

261 2185 420 2244 bonensis:

361 2302 433 2370 post
454 2311 480 2355 a.
506 2313 533 2355 a.
559 2293 594 2354 C.
619 2296 669 2363 46,
692 2311 764 2353 nam
787 2295 890 2352 insunt
912 2295 1034 2353 Arelate
1056 2304 1088 2352 et
1111 2294 1215 2354 Narbo
1236 2295 1484 2356 Decumanorum
1507 2316 1559 2356 co·

262 2402 364 2460 loniae
385 2421 411 2464 c.
434 2405 470 2465 R.
492 2421 511 2460 a
532 2403 663 2473 Nerone,
690 2403 805 2462 Tiberii
829 2413 917 2479 patre
940 2405 1096 2464 deductae
1104 2401 1124 2475 1,
1148 2406 1300 2464 Lutebani
1332 2408 1383 2482 qui
1411 2417 1442 2465 et
1464 2408 1560 2466 Foro-

262 2513 471 2584 neronienses,
495 2515 547 2592 qui
569 2515 608 2571 ab
631 2515 743 2572 eodem
764 2531 878 2572 nomen
900 2531 988 2572 suum
1011 2512 1196 2589 traxerunt2,
1220 2517 1297 2574 aliae
1314 2517 1454 2575 coloniae
1470 2513 1560 2578 e.R.³

262 2631 294 2678 et
317 2619 456 2694 latinae&
489 2641 565 2698 quas
596 2641 634 2682 eo
666 2624 730 2681 iure
760 2641 779 2680 a
802 2622 935 2682 Caesare
957 2633 1044 2700 patre
1068 2626 1201 2684 donatas
1223 2643 1292 2683 esse
1314 2626 1470 2701 probabile
1495 2635 1558 2696 est;

261 2742 334 2807 post
356 2749 382 2792 a.
406 2751 432 2792 a.
455 2731 490 2792 C.
515 2735 552 2791 27
579 2742 704 2810 propter
719 2735 888 2810 Angustam
904 2735 1154 2804 Tricastinorum,
1177 2735 1295 2793 Lucum
1311 2736 1450 2811 Augusti,
1465 2735 1558 2792 Vien-

261 2838 367 2910 nam⁶;
394 2842 523 2900 sortasse
545 2851 616 2918 post
641 2861 667 2903 a.
689 2861 719 2901 a.
739 2842 773 2902 C.
793 2847 828 2902 15
853 2853 978 2920 propter
993 2843 1102 2902 DIonis
1127 2845 1227 2902 locum
1242 2861 1335 2920 supra
1349 2845 1410 2904 iam
1432 2845 1558 2902 citatum

361 3065 371 3103 ¹
391 3068 462 3120 Suet.
480 3066 540 3118 Tib.
558 3063 584 3117 4.
622 3065 682 3116 CIL
701 3063 754 3118 XII
774 3079 800 3131 p.
819 3063 863 3118 83.
882 3063 944 3118 521.

359 3160 452 3214 2Non
471 3164 505 3213 ab
522 3163 679 3228 imperatore
699 3163 814 3230 Nerone,
845 3163 874 3212 id
905 3163 978 3228 quod
996 3162 1107 3226 Herzog
1135 3162 1259 3228 (Galliae
1283 3161 1472 3212 Narbonensis
1496 3171 1559 3227 pro·

260 3262 366 3308 vinciae
383 3261 523 3308 Romanae
541 3259 657 3306 amtoria
675 3271 701 3322 p.
717 3255 778 3323 123)
797 3256 901 3306 conicit.
939 3255 1076 3306 Consentit
1093 3270 1196 3306 mecum
1209 3256 1364 3322 Desjardiu:
1386 3259 1560 3323 Glograpln'e

259 3359 410 3422 historique
428 3363 455 3405 et
471 3357 692 3404 administrative
711 3355 743 3402 de
761 3356 789 3402 la
810 3354 899 3402 Gaule
917 3353 1050 3404 Romarm
1068 3349 1109 3404 III
1126 3368 1153 3419 p.
1166 3352 1209 3406 67.

284 3452 291 3464 “
359 3449 526 3503 ³Baeterrae
545 3451 604 3502 CIL
623 3449 677 3504 XII
706 3467 733 3518 p.
760 3448 823 3504 511.
868 3450 984 3501 Arausm
1008 3449 1027 3503 l.
1044 3450 1062 3503 l.
1081 3467 1107 3518 p.
1128 3448 1187 3503 152.
1225 3451 1350 3502 Valentia
1366 3451 1385 3504 l.
1403 3450 1421 3503 l.
1451 3467 1477 3516 p.
1496 3449 1558 3503 207.

259 3565 284 3601 n.
305 3548 381 3602 1748.
421 3551 519 3599 Forum
538 3549 591 3599 Iuli
610 3549 629 3602 l.
648 3548 666 3600 l.
686 3564 711 3613 p.
731 3547 773 3600 38.
984 3601 987 3608 ,

356 3643 481 3712 *Aquae
501 3649 607 3700 Sextiae
624 3649 644 3701 l.
662 3649 680 3701 l.
700 3665 725 3714 p.
744 3647 787 3700 85.
824 3649 946 3699 Avennio
964 3647 983 3700 1.
1001 3647 1019 3700 1.
1038 3664 1064 3714 p.
1086 3647 1145 3700 130.
1182 3651 1254 3714 Apta
1270 3647 1289 3698 l.
1309 3645 1327 3698 l.
1348 3662 1374 3713 p.
1395 3645 1455 3698 137.
1492 3646 1558 3695 Reii

260 3744 278 3796 1.
297 3744 315 3795 1.
334 3761 361 3811 p.
380 3742 424 3796 49.
463 3745 652 3795 Carbantorate
672 3745 690 3797 l.
708 3743 726 3797 l.
745 3761 771 3810 p.
793 3743 851 3797 147.
891 3745 1039 3794 Nemausus
1058 3744 1076 3795 l.
1096 3744 1115 3795 l.
1134 3759 1160 3809 p.
1174 3741 1234 3795 381.
1262 3742 1401 3808 Antipolis
1420 3741 1557 3809 1.1.p.28.

360 3837 527 3908 ⁵Siquidem
546 3843 728 3891 Mommsenus
748 3847 818 3892 recte
844 3841 959 3891 restituit
983 3841 1011 3890 in
1036 3839 1111 3890 titulo
1134 3839 1193 3890 CIL
1216 3837 1268 3892 Xll
1288 3855 1314 3890 n.
1334 3837 1403 3892 2327
1431 3839 1483 3892 col.
1506 3840 1557 3892 Iul.

259 3943 329 4003 Aug.
348 3940 421 3992 Flor.
440 3937 578 4005 V(ienna).
615 3939 682 3989 Cum
699 3939 835 4002 Herzogio
854 3936 882 4006 (1.
902 3938 920 3989 l.
939 3951 965 4002 p.
979 3936 1014 3989 90
1027 3939 1076 4002 sq.)
1094 3913 1224 3987 Viennam
1237 3936 1314 3986 Latio
1328 3935 1464 3988 aCaesare
1476 3944 1558 4003 patre,

259 4037 363 4086 civitate
392 4037 425 4086 ab
452 4039 576 4099 Augusto
606 4036 729 4086 donatam
754 4050 812 4086 esse
840 4035 969 4086 existimo.
1018 4032 1203 4084 Hirschfeldio
1228 4032 1335 4098 quidem
1362 4035 1557 4084 Mommsenum

260 4141 352 4183 secuto
374 4134 504 4183 Viennam
533 4147 587 4182 non
610 4140 672 4182 ante
696 4133 790 4183 Gaium
817 4132 949 4182 coloniam
977 4145 999 4185 c.
1024 4132 1060 4182 R.
1085 4130 1177 4180 iactam
1206 4145 1263 4180 esse
1291 4129 1430 4196 probabile
1456 4131 1559 4181 videtur

259 4229 330 4297 (CIL
350 4227 403 4280 XII
421 4245 447 4296 p.
467 4227 519 4281 218
539 4226 600 4296 sq.).
638 4228 691 4278 Sed
711 4227 829 4278 Plinium
854 4227 1010 4277 laterculum
1028 4226 1148 4290 Augusti
1173 4227 1328 4292 correxisse,
1352 4227 1474 4292 quoniam
1501 4228 1557 4277 eius

259 4329 298 4377 rei
328 4327 355 4375 in
382 4326 518 4392 Hispania,
549 4325 634 4384 Italia,
662 4324 779 4390 Illyrico,
810 4325 908 4392 Sicilia,
935 4324 1027 4374 Africa
1055 4323 1148 4373 eodem
1177 4323 1257 4372 modo
1288 4339 1341 4388 quo
1373 4323 1557 4376 Narbonensis

260 4423 397 4488 descriptis
417 4422 488 4472 nulla
505 4423 594 4472 inveni
613 4422 731 4488 exempla
751 4422 864 4489 (praeter
882 4421 958 4471 valde
977 4421 1085 4470 dubium
1109 4419 1178 4470 illud
1196 4420 1379 4472 Flauiobricae
1402 4421 1430 4471 in
1452 4422 1557 4488 periplo

260 4518 348 4586 (supra
366 4533 392 4583 p.
415 4516 469 4586 10),
488 4519 553 4568 mihi
572 4519 732 4585 persuadere
750 4533 805 4568 non
823 4533 941 4584 possum.
980 4518 1063 4566 Porro
1082 4517 1277 4582 quattuorviros
1306 4519 1451 4582 praefuisse
1479 4519 1558 4568 etiam

258 4615 374 4664 coloniis
394 4628 416 4668 c.
433 4615 470 4668 R.
506 4615 638 4665 Reiorum
657 4615 841 4681 comprobatur
859 4613 980 4680 exemplo
995 4614 1063 4676 (CIL
1081 4611 1135 4666 XII
1159 4629 1185 4679 p.
1203 4612 1257 4680 43).
1294 4614 1430 4666 Orationis
1453 4613 1558 4665 Claudii

259 4712 365 4779 quidem
384 4712 458 4762 locus
478 4711 607 4761 obscurus
627 4709 665 4777 (ll
680 4728 704 4764 v.
724 4709 757 4762 15
777 4709 829 4778 sq.)
849 4710 986 4777 quomodo
1005 4709 1219 4776 interpretandus
1238 4710 1272 4760 sit
1290 4711 1376 4760 adhuc
1394 4711 1490 4762 nescio.
