3634 5242
883 337 925 394 40

774 516 845 592 Vi.
884 515 1042 591 Afrika·

361 711 408 769 Ex
432 711 574 784 Augusto
597 711 738 768 videntur
758 727 828 770 esse
848 709 979 770 hausta:

410 817 493 879 vas
517 818 616 878 Detl.:
643 812 729 898 „(Ad
750 819 832 877 hunc
853 813 958 894 finem)
980 816 1109 876 Africa
1131 811 1165 888 (a
1183 814 1274 872 fluvio
1295 815 1465 892 Ampsaga)
1487 837 1553 894 po-

409 929 518 1004 pulos
540 927 646 986 DXVI
667 927 782 988 habet
804 925 869 1004 (qui
888 928 1028 988 Romano
1051 933 1181 1002 pareant
1201 919 1351 999 imperio).
1372 925 1403 981 in
1425 925 1468 983 his
1491 946 1554 986 co·

409 1037 541 1096 ionias
563 1055 645 1106 sex,
678 1046 800 1113 praeter
821 1037 880 1096 iam
901 1036 1000 1096 dictas
1022 1034 1178 1108 Vthinam,
1201 1032 1368 1093 Thuburbi.
1402 1035 1551 1110 oppida

412 1145 546 1206 civium
567 1146 817 1206 Romanorum
844 1146 914 1216 XV,
937 1144 1103 1222 exquibus
1124 1144 1156 1202 in
1177 1143 1404 1202 mediterraneo
1425 1143 1552 1203 dicenda

410 1254 619 1314 assuritanum
631 1250 652 1324 ¹,
671 1255 879 1318 Abutuceuse.
903 1253 1085 1323 Aboriense,
1111 1251 1313 1329 Canopicum,
1343 1250 1549 1325 Chimavense,

410 1361 648 1436 Simithuense2,
686 1363 941 1442 Thunusidense,
972 1357 1252 1431 Thubursicense⁸‚
1287 1359 1549 1430 Thinidrumsnse,

409 1473 585 1550 Tibigense,
612 1473 744 1533 Vcitaua
763 1474 826 1532 duo
849 1471 948 1530 Maius
971 1479 1004 1530 et
1025 1469 1135 1544 Minus,
1166 1469 1321 1548 Vagense.
1376 1469 1552 1546 oppidum

411 1583 582 1642 Latinum
604 1601 711 1641 unum
726 1582 929 1640 Vaalitauum.
957 1579 1134 1658 oppidum
1148 1578 1434 1655 stipendiarium
1449 1597 1552 1640 unum

412 1691 525 1752 Castris
541 1691 698 1752 Corneliis.
736 1692 788 1751 30:
813 1689 967 1766 oppida
989 1689 1118 1747 libera
1133 1688 1235 1759 XXX,
1247 1707 1285 1746 ex
1297 1689 1407 1764 quibus
1422 1689 1551 1748 dicenda

411 1803 491 1860 intus
527 1801 768 1869 Achollitanum,
804 1799 1037 1867 Accaritanum,
1075 1798 1237 1857 Avittense
1247 1794 1270 1875 ⁴,
1309 1794 1553 1875 Abbiritanum⁶‚

409 1910 651 1985 Canopitanum,
685 1908 901 1976 Meliaitanum,
935 1907 1120 1986 Materense,
1152 1905 1392 1982 Salaphitanum,
1428 1905 1552 1966 Tusdu‘-

411 2028 526 2091 tanum,
549 2016 744 2092 Tiphiccnse,
764 2015 949 2089 Tunisense‚
966 2015 1165 2091 Theudense‚
1182 2014 1372 2093 Tagesense,
1390 2011 1551 2094 Tigense⁸‚

412 2126 696 2193 Vlusuburitauum,
729 2123 876 2200 Vagense
898 2123 980 2184 aliud
1002 2123 1137 2198 Sigense,
1168 2122 1327 2182 Zamense.
1371 2123 1418 2181 Ex
1439 2125 1552 2199 reliquo

334 2268 338 2274 ·
411 2254 538 2295 numero
562 2229 639 2310 (non
659 2235 797 2293 civitates
818 2241 937 2292 tantum
960 2233 1015 2293 sed
1036 2234 1202 2310 pleraeque
1225 2232 1317 2291 etiam
1334 2234 1475 2293 nationes
1489 2234 1555 2292 iure

412 2346 474 2405 dici
493 2353 632 2422 possunt,
654 2344 702 2418 ut)
730 2343 924 2418 Natabudes,
955 2343 1121 2420 Capsitani,
1152 2342 1325 2413 Musulami,
1359 2342 1556 2413 Sabarbares,

412 2455 547 2532 Massyli,
570 2454 705 2525 Nicives,
728 2453 926 2523 Vamacures,
949 2452 1070 2524 Cinithi,
1093 2453 1228 2532 Musoni,
1255 2453 1414 2513 Marchubi
1437 2461 1468 2511 et
1491 2461 1556 2512 tota

414 2560 579 2624 Gaetulia⁷
601 2561 656 2640 (ad
686 2564 797 2622 flumen
812 2561 936 2640 Nigrim,
959 2564 1009 2640 qui
1024 2563 1157 2622 Africam
1173 2565 1211 2623 ab
1228 2563 1390 2640 Aethiopia
1404 2559 1559 2639 dirimit).“

360 2675 407 2734 Ex
428 2675 562 2752 periplo:

413 2787 469 2844 22:
503 2784 684 2862 „colonia
710 2783 882 2846 Cirta...
907 2792 939 2843 et
965 2784 1024 2844 alia
1051 2779 1160 2860 (intus)
1190 2783 1288 2858 Sicca,
1322 2784 1556 2859 liberumque

411 2893 559 2970 oppidum
581 2893 669 2952 Bulla
690 2894 788 2972 Regia
816 2939 822 2952 .
847 2938 879 2953 ..
909 2894 1058 2970 oppidum
1080 2891 1223 2951 Tabraca
1248 2893 1393 2951 civium
1415 2893 1557 2951 Roma·

411 3021 547 3061 norum.
592 3004 648 3063 23:
672 3003 840 3062 Theudalis
856 3005 1014 3061 immune
1034 3002 1192 3078 oppidum.
1236 3004 1290 3061 24:
1314 3001 1403 3062 Vtica
1426 3002 1558 3061 civium

412 3114 766 3172 Romanorum...
792 3111 953 3170 colonia
976 3109 1130 3185 Carthago
1153 3153 1161 3168 .
1187 3155 1195 3170 .
1218 3155 1225 3170 .
1250 3111 1412 3170 colonia
1433 3111 1558 3172 Maxula

513 3221 686 3278 liberum
709 3219 822 3296 Clypea
956 3220 1030 3277 item
1063 3219 1197 3280 libera
1225 3219 1365 3291 Curubis,
1400 3221 1558 3298 Neapolis.

412 3334 469 3393 25:
503 3329 618 3407 oppida
646 3330 765 3390 libera
791 3327 907 3406 Leptis,
940 3328 1175 3408 Hadrumetum,
1208 3330 1358 3407 Ruspina,
1402 3331 1555 3408 Thapsus,

415 3438 515 3516 (inde)
538 3439 657 3510 Thena,
689 3440 780 3509 Aves,
813 3437 1025 3511 Macomades,
1053 3439 1190 3516 Tacape,
1220 3441 1358 3500 Sabrata.
1408 3443 1464 3500 41:
1487 3439 1560 3500 Cer·

417 3552 485 3610 cina
508 3597 515 3612 .
539 3597 546 3612 .
572 3599 580 3612 .
604 3549 752 3610 libera.“

361 3704 450 3760 1CII.
469 3709 538 3758 VIII
555 3724 581 3761 n.
601 3705 678 3761 1798.
779 3702 991 3774 ²1.1.p.1t'›8.
1142 3704 1191 3762 ³1.
1209 3707 1227 3760 l.
1248 3724 1274 3776 p.
1295 3705 1354 3760 177.

358 3801 567 3870 ⁴1.1.p.100.
716 3801 799 3856 ⁶1.1.
818 3820 844 3856 n.
863 3803 924 3856 814.

360 3897 431 3951 ⁶Ita
449 3900 536 3952 scribo
554 3907 659 3951 secutus
677 3899 884 3952 Wilmanusium
912 3899 982 3966 (CIL
999 3901 1068 3951 VIII
1093 3917 1120 3968 p.
1139 3900 1177 3968 2).
1221 3901 1366 3951 Nominum
1392 3903 1557 3968 sequentium

260 3997 443 4060 coniungenda
461 4003 520 4046 sunt
538 3997 661 4059 Vagense
688 4004 715 4047 et
732 3997 852 4060 Sigense.
889 3997 1067 4060 Distinguitur
1095 3997 1222 4064 oppidum
1242 3998 1366 4061 Vagense
1393 3998 1445 4049 boc
1474 4000 1557 4050 modo

260 4094 294 4144 ab
323 4093 442 4144 eiusdem
469 4093 583 4144 nominis
610 4094 759 4160 municipio.
804 4094 868 4143 Non
895 4100 991 4144 rectam
1017 4101 1083 4160 puto
1111 4091 1268 4146 Mommseni
1297 4096 1484 4162 coniecturam,
1512 4097 1558 4162 qui

258 4189 331 4256 (CIL
348 4189 417 4240 VIII
434 4205 460 4255 p.
472 4187 534 4252 508)
554 4190 688 4253 coniungit
709 4191 735 4239 T
731 4207 863 4255 agesmse
871 4191 989 4254 Srssgense
1005 4191 1068 4257 quia
1080 4191 1198 4256 sequitur
1215 4191 1337 4256 vagense
1345 4195 1426 4244 aliud
1433 4193 1557 4256 Sigense.

258 4286 328 4336 Nam
348 4286 532 4336 discernuntur
550 4286 577 4335 in
594 4285 748 4336 huiusmodi
773 4285 907 4337 latereulis
934 4286 1040 4338 uomina
1066 4285 1226 4353 oppidorum
1250 4287 1307 4353 ipsa
1337 4288 1360 4338 si
1388 4295 1448 4339 sunt
1474 4289 1561 4356 paris,

257 4396 311 4435 uon
330 4382 490 4446 cognomina
506 4381 612 4449 insuper
629 4381 737 4434 adiecta.

359 4473 370 4511 ⁷
388 4479 458 4528 Puto
476 4478 540 4529 haec
558 4493 664 4545 qnoque
684 4478 796 4541 nomina,
816 4495 973 4546 quamquam
987 4495 1041 4531 non
1054 4479 1220 4545 alphabetico
1233 4481 1370 4546 disposita,
1389 4497 1421 4532 ex
1432 4485 1557 4546 Augusto

259 4575 376 4626 derivata
394 4591 462 4627 esse.
500 4576 577 4640 Nam,
597 4583 625 4626 ut
644 4575 735 4626 verbis
754 4593 788 4626 ex
806 4579 913 4642 reliquo
932 4593 1044 4627 numero
1062 4585 1176 4642 apparet,
1195 4584 1316 4644 excerpta
1329 4585 1390 4628 sunt
1402 4593 1434 4627 ex
1446 4579 1558 4628 maximo

258 4670 423 4738 populorum,
443 4687 512 4737 quos
531 4677 634 4737 praeter
654 4673 801 4723 nominatos
822 4673 891 4740 apud
909 4675 1058 4738 Augustum
1075 4674 1230 4740 reperiebat,
1249 4673 1386 4726 laterculo.
