3634 5242
863 306 904 364 38

239 491 286 548 ius
310 490 464 566 municipii
489 499 520 548 et
541 509 654 550 nomen
667 491 828 568 Augustae
847 509 910 550 una
932 509 999 550 esse
1022 492 1107 560 data,
1120 491 1161 554 id
1178 493 1263 566 quod
1279 492 1391 552 ultimis
1406 494 1536 570 Augusti

239 601 327 658 annis
350 600 463 658 iactum
484 599 601 674 opinor,
625 600 832 676 colligendum
854 609 911 670 est,
947 600 1038 660 fuisse
1060 601 1114 659 sub
1138 601 1279 673 Augusto
1303 611 1439 678 tempuS,
1472 621 1535 678 quo

238 709 416 784 Lilybaeum
438 708 542 784 peiore
567 709 710 768 utebatur
730 710 795 768 iure
818 727 910 786 quam
933 710 1087 785 municipii
1110 709 1127 770 i.
1145 726 1171 764 e.
1188 709 1252 765 iure
1269 709 1535 783 stipendiariorum

238 819 323 892 quod
345 817 438 876 habet
462 818 546 892 apud
569 817 698 876 Plinium
720 827 753 877 et
775 821 860 895 quod
882 820 963 876 bello
986 819 1095 889 Sicu10,
1118 836 1179 894 quo
1201 817 1338 894 Lepidus
1361 817 1395 874 id
1417 835 1534 894 oppug-

238 927 322 986 navit
344 923 420 1001 (Dio
442 926 528 986 Cass.
551 929 600 995 49,
617 926 661 1004 8),
684 929 713 986 ei
735 930 843 990 datum
866 947 935 988 esse
957 937 1042 1004 puto.

338 1035 480 1096 Halaesa.
525 1036 647 1094 Eadem
669 1055 726 1095 usa
749 1047 796 1096 est
819 1037 949 1098 fortuna.
993 1036 1073 1098 Nam
1095 1046 1233 1114 tempore
1254 1045 1325 1112 post
1345 1035 1534 1110 conscriptos

238 1145 355 1204 indices
378 1144 509 1220 Augusti
531 1145 613 1204 sacta
639 1154 686 1206 est
713 1147 918 1222 municipium.
966 1146 1014 1204 Ita
1042 1147 1217 1206 nominatur
1245 1148 1277 1203 in
1307 1147 1393 1206 titulo
1416 1144 1481 1204 CIL
1504 1144 1534 1202 X

238 1275 268 1317 n.
285 1255 367 1315 7458
389 1263 514 1331 propter
536 1255 660 1314 nomina
676 1265 709 1329 p.
726 1265 759 1330 p.
776 1257 914 1332 Augusto
938 1255 1093 1332 adscripta
1114 1256 1226 1314 ultimis
1249 1257 1315 1314 eius
1338 1256 1427 1316 annis
1449 1249 1534 1331 (post

237 1383 262 1424 a.
286 1383 313 1425 a.
338 1363 371 1422 C.
396 1358 430 1442 2)
453 1364 559 1424 incise.
602 1365 690 1422 Idem
712 1366 876 1424 dicendum
899 1373 945 1424 est
967 1367 1009 1422 de

336 1473 495 1533 Halunti0.
540 1473 620 1532 Nam
644 1476 748 1533 titulus
771 1473 835 1534 CIL
859 1475 889 1533 X
912 1494 941 1534 n.
964 1477 1057 1552 7463,
1079 1476 1111 1532 in
1133 1492 1193 1550 quo
1216 1473 1387 1550 appellatur
1408 1472 1535 1532 munici-

237 1584 331 1660 pium,
354 1585 608 1660 quodAugustus
624 1585 708 1643 ineo
727 1584 902 1644 nominatur
915 1585 1054 1660 pontifex
1076 1584 1235 1658 maximus,
1259 1592 1342 1641 certe
1364 1591 1436 1658 post
1459 1601 1487 1640 a.
1506 1602 1533 1642 a.

238 1693 271 1753 C.
306 1695 344 1753 12
373 1693 493 1769 positus
524 1703 580 1761 est,
613 1712 714 1770 neque
741 1694 856 1770 aliquid
884 1695 995 1764 obstat,
1030 1694 1102 1768 quin
1128 1694 1161 1750 id
1187 1693 1283 1752 multo
1313 1692 1406 1750 etiam
1439 1693 1533 1750 serius

236 1803 353 1862 sactum
375 1821 444 1862 esse
466 1803 680 1863 existimemus.

340 1912 518 1970 Panormus.
564 1911 657 1972 Cuius
685 1912 791 1988 oppidi
818 1921 926 1970 extant
952 1913 1067 1972 nummi
1094 1919 1167 1970 ante
1189 1931 1217 1972 a.
1241 1929 1268 1969 a.
1293 1909 1326 1970 C.
1350 1912 1388 1968 27
1414 1912 1478 1970 cusi
1503 1920 1534 1968 et

237 2022 410 2080 nominibus
430 2021 634 2096 propraetoris
658 2021 689 2080 P.
711 2021 809 2080 Silvae
832 2031 864 2080 et
885 2023 1045 2080 duovirum
1069 2021 1178 2097 signati
1202 2014 1309 2098 (Klein
1331 2021 1349 2080 l.
1372 2021 1391 2077 l.
1414 2039 1443 2094 p.
1469 2017 1533 2096 90),

238 2148 316 2208 quos
339 2147 397 2206 ego
420 2138 494 2188 ante
515 2131 627 2189 bellum
649 2131 782 2190 Siculum
805 2131 980 2190 conlectum
1004 2148 1093 2189 cusos
1116 2131 1232 2206 opinor.
1278 2129 1460 2206 Appellatur
1480 2131 1534 2186 de·

237 2240 311 2296 inde
327 2238 495 2296 Panormus
510 2235 649 2314 colfhnz'a)
664 2236 828 2320 Λαμπείᾳ)
842 2239 874 2297 in
890 2240 975 2298 titulo
992 2239 1057 2298 CIL
1072 2239 1103 2296 X
1117 2257 1147 2298 n.
1161 2241 1252 2298 7279.
1297 2238 1391 2311 Quod
1408 2240 1534 2314 qnando

239 2348 320 2406 iacta
344 2348 382 2406 sit
405 2335 520 2406 docent
541 2349 663 2406 nummi.
707 2348 839 2406 Exhibet
858 2349 950 2406 Klein
966 2349 985 2408 l.
1002 2349 1020 2408 l.
1036 2367 1064 2424 p.
1082 2351 1121 2407 92
1143 2355 1284 2406 nummos
1300 2347 1534 2406 Panormitanos

240 2458 378 2532 signatos
408 2457 583 2516 nominibus
612 2457 646 2517 L.
670 2457 754 2516 Sexti
782 2459 974 2534 proconsulis
1004 2467 1034 2518 et
1063 2457 1223 2516 duovirum
1250 2457 1304 2518 Cn.
1328 2457 1365 2517 D.
1389 2458 1475 2516 Proc.
1498 2458 1535 2518 A.

239 2565 361 2626 Laetor.
406 2567 508 2640 Quem
530 2567 666 2626 Sextium
690 2576 743 2626 aut
766 2567 906 2642 Sestium,
937 2569 1023 2644 quod
1045 2585 1071 2627 a.
1094 2585 1121 2626 a.
1145 2566 1178 2627 C.
1202 2569 1241 2626 23
1265 2567 1370 2626 consul
1394 2567 1450 2624 fuit
1474 2567 1535 2625 suf·

240 2673 347 2744 fectus,
378 2676 457 2734 intra
480 2695 577 2735 annos
602 2671 697 2755 27l24
718 2676 930 2752 proconsulem
953 2676 1072 2734 Siciliae
1094 2675 1187 2732 fuisse
1209 2683 1306 2751 putat.
1351 2677 1447 2749 Quod
1471 2695 1535 2734 non

238 2792 354 2841 rectum
386 2802 456 2842 esse
487 2794 614 2861 apparet
644 2787 757 2850 collato
787 2786 875 2846 catal.
902 2803 984 2844 num.
1008 2785 1063 2842 Sic.
1085 2802 1162 2842 mus.
1184 2784 1264 2843 britt.
1286 2803 1315 2859 p.
1342 2786 1401 2844 125
1424 2802 1452 2842 n.
1476 2785 1533 2842 45:

238 2892 677 2952 PANHORMITANORVM
692 2894 783 2952 laad
799 2895 838 2973 os
843 2893 995 2970 Augustus
1018 2895 1049 2970 l.‚
1071 2894 1202 2959 radiata·
1223 2893 1256 2947 in
1268 2891 1371 2970 frent,
1395 2891 1534 2948 theuder-

239 3002 307 3063 holt.
339 2997 343 3080 1
374 3001 643 3062 CN.DO.ROC
700 3002 1010 3063 .AETOR.IIVIR.
1030 3001 1192 3075 Caprz'corn
1216 3009 1274 3061 cet.
1299 3001 1350 3073 (cs.
1373 2999 1478 3074 nto),
1504 3010 1535 3058 et

237 3129 266 3170 n.
285 3111 339 3171 47:
363 3109 641 3169 PANORMITAN
663 3109 755 3168 Livia
776 3129 809 3168 as
823 3111 968 3179 Demeter,
990 3111 1092 3177 veiled,
1114 3109 1212 3166 scaled
1230 3129 1258 3168 r.
1282 3129 1317 3166 on
1340 3110 1451 3177 throne,
1473 3110 1535 3186 hol-

239 3221 314 3295 dz'rzg
332 3227 440 3295 patera
462 3221 525 3278 and
544 3239 610 3280 cars
630 3216 670 3292 of
687 3237 764 3278 corn.
794 3212 936 3298 (CN.D
969 3218 1045 3276 Ram
1062 3219 1204 3294 standing
1227 3220 1248 3275 l.
1291 3219 1443 3294 Inscripta
1464 3227 1536 3276 sunt

846 3329 900 3386 LA

237 3437 331 3512 igitur
353 3439 523 3498 eorundem
546 3439 715 3515 duovirum,
738 3439 789 3514 qui
810 3439 842 3496 in
857 3437 940 3496 Sexti
962 3444 1070 3494 extant
1091 3435 1233 3505 nummis,
1256 3437 1383 3494 nomina
1404 3436 1534 3493 nummis

238 3554 308 3622 post
330 3547 463 3620 Augusti
486 3555 568 3606 certe
592 3556 723 3606 mortem
745 3548 832 3606 cusis.
878 3545 981 3618 Quare
1003 3564 1067 3603 non
1086 3545 1196 3602 dubito
1219 3546 1293 3621 quin
1315 3553 1385 3619 post
1405 3544 1536 3620 Augusti

237 3664 368 3712 mortem
390 3653 510 3714 Sextius
532 3655 664 3714 Siciliam
684 3655 949 3723 administraverit,
980 3672 1120 3712 nummos
1142 3653 1270 3712 cuderit.
1315 3653 1436 3712 Eodem
1459 3662 1535 3712 tem·

236 3782 312 3838 pore
336 3763 457 3822 Siciliae
480 3763 535 3822 fuit
556 3765 719 3840 proconsul
741 3765 835 3822 etiam
857 3765 891 3824 L.
911 3764 997 3822 Seius
1020 3763 1144 3820 Tubero
1167 3756 1272 3841 (Klein
1293 3763 1310 3832 l.
1329 3762 1346 3820 l.
1369 3780 1399 3838 p.
1417 3759 1482 3840 93),
1504 3764 1536 3820 in

238 3873 322 3930 cuius
345 3873 473 3930 nummis
495 3874 590 3930 iidem
612 3875 806 3948 magistratus
828 3871 1022 3932 inveniuntur
1045 3874 1097 3948 qui
1119 3874 1150 3930 in
1172 3874 1237 3930 aliis
1259 3873 1336 3929 illius
1352 3873 1435 3931 Sexti
1448 3892 1536 3930 num·

237 3982 293 4040 mis
316 3981 392 4056 (qna
414 3983 454 4040 de
478 3999 572 4041 causa
594 4001 664 4040 eum
686 3984 765 4042 intra
786 4001 884 4042 annos
907 4001 934 4042 a.
950 3981 983 4041 C.
1001 3976 1095 4060 27l23
1117 3981 1237 4040 Siciliae
1257 3983 1426 4057 praefuisse
1448 3991 1536 4058 putat

237 4091 375 4150 Kleinius
397 4091 417 4148 l.
441 4084 484 4168 l.).
529 4090 591 4165 Qui
613 4091 738 4151 Tubero
761 4112 788 4151 a.
810 4111 841 4168 p.
865 4091 898 4153 C.
923 4094 961 4152 18
992 4092 1049 4152 tuit
1076 4092 1181 4150 consul
1212 4091 1357 4150 suffectus
1369 4088 1389 4164 ¹,
1422 4093 1470 4150 cui
1492 4093 1535 4149 rei

124 4270 127 4277 .
239 4201 354 4276 optime
377 4201 562 4258 conveniunt
584 4219 623 4258 ea
646 4219 724 4277 quae
748 4203 789 4260 de
809 4201 1029 4278 proconsulatu
1052 4202 1116 4260 eius
1133 4202 1306 4262 statuimus.
1351 4203 1468 4260 Extant
1482 4203 1534 4260 de·

237 4309 329 4384 nique
351 4310 464 4366 nummi
487 4311 678 4384 proconsulis
700 4309 848 4368 Sisennae
874 4311 1032 4369 duovirum
1059 4310 1232 4368 nominibus
1262 4311 1399 4388 inscripti
1429 4310 1535 4385 (Klein

337 4553 439 4608 ¹Fasti
458 4559 589 4610 Antiates:
619 4558 678 4610 CIL
706 4559 721 4608 Ι
747 4575 773 4626 p.
792 4557 853 4620 475,
881 4559 958 4612 XIV.
1004 4559 1077 4608 Fasti
1096 4559 1161 4612 Aru.
1190 4576 1214 4626 p.
1244 4559 1385 4612 CCXLIII
1414 4560 1532 4612 Henzen.

237 4653 322 4704 Orelli
341 4651 419 4708 1495.
