3634 5242
885 361 921 414 lb

259 550 323 630 (54,
341 545 393 628 23)
407 543 481 608 τότε
496 545 532 608 δὲ
547 541 659 620 πόλεις
671 539 707 604 ἔν
714 561 752 604 τε
768 545 806 623 τῇ
824 538 959 622 Γαλατίᾳ
974 538 1026 602 καὶ
1041 537 1077 602 ἐν
1089 542 1127 620 τῇ
1142 526 1259 621 Ἰβηρίᾳ
1270 537 1393 616 συχνὰς
1408 537 1559 623 ἀπῴκισε,

259 663 368 740 quibus
401 659 498 718 verbis
531 675 548 713 e
580 655 749 716 Galliarum
782 653 1003 728 provinciarum
1040 669 1168 710 numero
1201 651 1434 736 Narbonensem
1464 652 1561 710 solam

260 770 420 848 significari
441 768 652 826 Mommsenus
675 782 712 822 eo
737 771 919 836 argumento
941 755 1191 830 demonstravit¹‚
1213 761 1298 835 quod
1313 761 1344 818 in
1358 768 1559 819 monumento

260 877 442 957 Ancyran0²
465 877 531 935 sola
554 874 725 950 appellatur
748 874 827 930 inter
848 871 1029 948 provincias,
1048 872 1079 928 in
1102 887 1177 945 quas
1198 871 1341 930 coloniae
1360 870 1486 928 militum
1501 871 1557 927 de-

260 992 372 1049 ductae
397 995 477 1048 sunt.
520 985 652 1044 Possunt
674 984 753 1039 inter
776 981 911 1038 colonias
933 999 952 1038 a
973 979 1069 1038 Plinio
1092 980 1266 1038 nominatas
1298 995 1370 1038 esse
1403 995 1441 1038 eo
1474 995 1556 1039 anno

259 1101 424 1159 deductae.
469 1095 532 1154 Sed
554 1101 671 1152 certum
693 1091 753 1150 hoc
775 1107 839 1148 non
861 1100 917 1149 est.

357 1207 480 1265 Indices
503 1212 575 1261 ante
600 1201 732 1260 Galbam
755 1218 825 1259 esse
847 1200 976 1276 scriptos
999 1207 1116 1256 certum
1145 1207 1194 1257 est
1226 1199 1320 1274 ipsius
1342 1197 1429 1256 Plinii
1458 1199 1556 1257 verbis

258 1313 315 1390 (III
339 1311 392 1392 37)
428 1314 545 1371 Adiecit
565 1309 720 1387 formulae
748 1308 845 1369 Galba
869 1310 1027 1383 inperator
1049 1326 1090 1366 ex
1114 1307 1264 1382 Inalpinis
1286 1308 1445 1366 Avanticos
1471 1315 1561 1384 alque

260 1425 462 1499 Bodionticos,
491 1439 611 1498 quorun
633 1422 766 1496 oppidum
788 1419 899 1480 Dinon.
940 1419 1005 1477 Eos
1028 1427 1111 1477 certe
1132 1435 1196 1476 non
1221 1427 1293 1494 post
1311 1418 1466 1480 Tiberium
1489 1435 1560 1477 esse

260 1534 448 1611 compositos
472 1549 511 1590 eo
535 1532 750 1606 comprobatur
771 1529 857 1604 quod
879 1529 948 1588 Reii
977 1537 1009 1587 et
1032 1523 1140 1605 Aquae
1163 1527 1286 1587 Sextiae
1322 1529 1354 1586 in
1386 1529 1422 1588 iis
1454 1529 1560 1605 appel·

260 1645 360 1703 lantur
380 1643 496 1720 oppida
518 1643 639 1715 Latina,
669 1658 737 1698 cum
758 1648 884 1716 propter
920 1656 1035 1697 nomen
1058 1639 1218 1714 Augustae
1250 1639 1281 1695 in
1314 1639 1560 1715 inscriptionibus

260 1755 295 1812 iis
317 1754 446 1812 inditum
469 1747 551 1829 (CIL
575 1749 634 1808 XII
655 1769 685 1826 p.
709 1752 759 1808 49.
789 1744 844 1824 65)
871 1757 1111 1808 consentaneum
1143 1749 1183 1807 sit
1212 1765 1266 1806 eas
1299 1748 1435 1824 principe
1467 1749 1560 1806 etiam

260 1873 325 1922 tum
346 1863 487 1937 Augusto
510 1870 562 1919 aut
585 1854 731 1920 Tiberi0³
753 1857 889 1946 colonias
910 1876 935 1916 c.
958 1857 995 1918 R.
1018 1875 1087 1916 esse
1110 1857 1208 1918 factas
1216 1854 1239 1918 ⁴.

796 2141 863 2216 111.
899 2141 1031 2218 ltalia.

360 2349 409 2407 De
432 2351 530 2406 verbis
554 2349 747 2424 gravissimis,
778 2366 857 2424 quae
889 2347 995 2407 Italiae
1028 2347 1226 2424 descriptioni
1259 2347 1421 2424 praeponit
1444 2347 1558 2406 Plinius

261 2457 318 2528 (ΙΙΙ
340 2457 404 2534 46),
427 2459 487 2516 iam
513 2475 604 2534 supra
627 2452 669 2536 (p.
694 2460 713 2517 5
736 2451 793 2534 sq.)
816 2457 977 2534 disputavi.
1021 2457 1151 2515 Modum
1177 2457 1367 2532 depingendi
1402 2457 1461 2516 hoc
1490 2459 1559 2516 loco

261 2566 435 2642 expositum
459 2584 521 2624 non
545 2567 628 2623 omnl
651 2574 798 2641 exparte
821 2567 957 2642 sequitur
979 2567 1114 2641 scriptor.
1158 2563 1247 2642 Nam,
1271 2585 1456 2644 quamquam
1479 2585 1512 2625 se
1527 2568 1559 2624 in

260 2677 486 2734 mediterraneo
508 2677 669 2734 laterculos
693 2677 822 2752 Augusti
844 2675 1055 2750 alphabeticos
1078 2674 1281 2733 exhibiturum
1304 2694 1372 2734 esse
1400 2677 1558 2754 promittit,

261 2787 292 2844 in
314 2786 487 2862 regionibus
507 2804 590 2844 nona
612 2795 644 2842 et
666 2785 831 2842 undecima
853 2785 917 2842 aliis
941 2783 1076 2841 fontibus
1107 2759 1207 2844 utitur.
1252 2785 1340 2844 Fecit
1371 2787 1431 2844 hoc
1466 2795 1558 2861 certe,

260 2897 332 2972 quia
353 2895 471 2954 Italiam
494 2897 663 2955 secundum
682 2895 758 2952 fines
781 2893 1015 2970 geographicos,
1039 2894 1072 2951 id
1094 2904 1141 2952 est
1163 2894 1246 2952 Varo
1270 2905 1302 2953 et
1324 2897 1445 2972 Alpium
1470 2897 1559 2969 iugis,

263 3005 428 3064 terminans
451 3006 581 3080 Augusti
602 3005 745 3081 regiones
769 3005 809 3062 ad
832 3020 886 3061 eos
909 3003 984 3062 fines
1005 3021 1068 3061 non
1096 3005 1241 3081 applicari
1272 3003 1430 3064 videbat⁶.·
1467 3004 1559 3062 Deci·

262 3131 331 3171 mae
365 3131 489 3190 quoque
524 3116 656 3192 regionis
687 3107 760 3173 item
784 3114 905 3190 Alpium
938 3114 1016 3190 iugis
1048 3115 1207 3173 subiectae
1240 3133 1310 3192 pars
1333 3116 1558 3174 mediterranea

262 3222 365 3297 aliqua
386 3233 533 3299 exparte
555 3225 694 3299 Augusto
718 3242 781 3282 non
803 3224 968 3282 tribuenda
991 3219 1064 3297 esti,
1088 3225 1144 3281 sed
1166 3223 1215 3282 hic
1237 3227 1330 3283 etiam
1352 3225 1484 3284 indicem
1510 3243 1558 3282 re-

260 3331 393 3407 perimus
416 3329 669 3408 alphabeticum⁷.

344 3441 408 3499 Iam
429 3441 611 3518 Augustana
633 3461 810 3518 excerpam:

387 3551 477 3613 11163
488 3551 584 3611 Detl.:
602 3551 740 3628 „Regio
755 3547 807 3630 (ea
818 3570 836 3608 a
849 3548 966 3622 Tiberi)
982 3553 1098 3628 prima
1113 3551 1230 3626 (Italiae
1241 3562 1377 3613 servatur
1386 3571 1424 3612 ex
1433 3555 1558 3631 discrip-

386 3662 472 3720 tione
487 3662 637 3736 Augusti).
681 3657 793 3736 (Intus)
816 3661 991 3719 coloniae
1014 3659 1120 3736 Capua
1136 3657 1189 3740 (ab
1205 3647 1263 3720 ᾗ
1278 3681 1306 3738 p.
1319 3682 1429 3740 campo
1449 3664 1557 3742 dicta),

386 3771 551 3849 Aquinum,
579 3770 701 3839 Suessa,
724 3769 902 3843 Venafrum,
936 3769 1026 3854 Sora,
1061 3770 1202 3828 Teanum
1234 3771 1401 3830 Sidicinum
1440 3790 1557 3848 cogno·

261 3953 459 3966 -Ω--η

360 4052 488 4109 1Comm.
506 4057 547 4108 ad.
568 4071 639 4108 mon.
656 4060 754 4122 Aneyr.
773 4071 799 4122 p.
819 4053 861 4108 65.
961 4050 1019 4122 ⁹5,
1038 4053 1080 4108 35.
1194 4051 1295 4106 ³Infre
1312 4072 1337 4121 p.
1359 4054 1392 4108 19
1411 4072 1469 4122 sqq.

359 4149 584 4204 4Hirschfeldius
612 4154 709 4206 conicit
735 4154 804 4220 (CIL
823 4150 875 4204 XII
892 4168 918 4218 p.
937 4150 1002 4218 833)
1029 4153 1192 4202 Nemausum
1212 4170 1234 4205 a.
1254 4169 1277 4206 a.
1296 4152 1325 4205 C.
1346 4153 1388 4221 16,
1416 4170 1468 4220 quo
1485 4154 1555 4221 Imp.

264 4247 364 4302 Caesar
381 4253 528 4317 Augustus
547 4259 645 4316 portas
672 4248 836 4317 murosq(ue)
860 4247 1002 4316 sedonius-J
1034 4251 1110 4300 dedit
1133 4252 1168 4314 (n.
1190 4249 1272 4318 3151)
1304 4257 1347 4300 aut
1373 4251 1459 4316 paullo
1480 4259 1554 4304 antea

262 4344 363 4394 civitate
393 4350 515 4400 donatam
544 4363 611 4408 esse,
638 4349 686 4398 sed
711 4347 806 4396 fatetur
831 4347 1016 4396 documentum
1036 4347 1068 4395 ad
1088 4347 1155 4395 lranc
1174 4346 1356 4412 quaestionem
1382 4348 1554 4400 decidendam

261 4441 385 4492 idoneum
404 4447 507 4496 nullum
525 4445 612 4496 adhuc
625 4446 765 4511 prodiisse.

359 4537 371 4572 ⁵
389 4540 448 4590 CIL
468 4544 494 4592 V
512 4559 537 4608 p.
557 4543 618 4596 808,
637 4542 697 4595 903.
717 4543 775 4591 XII
794 4559 818 4607 p.
838 4543 917 4592 XIII.

360 4635 431 4689 ⁶111
450 4637 502 4691 130
520 4644 548 4689 in
566 4643 763 4691 mediterraneo
785 4669 811 4676 -
834 4641 969 4689 Iulienses
989 4640 1148 4692 Carnorum.

360 4732 372 4769 '¹
390 4735 408 4788 l.
427 4736 445 4788 l.
463 4737 623 4787 Alatrenses
644 4768 673 4776 -
702 4740 825 4790 Vorvori.
