3634 5242
863 355 902 414 26

244 535 331 594 annis
354 536 552 612 sequentibus
575 537 614 594 ab
638 537 809 596 Octaviano
831 539 990 597 deductas,
1034 537 1138 609 Quare
1160 545 1254 596 restat
1281 540 1365 597 solus
1395 557 1537 598 numerus

245 649 295 723 26,
317 647 381 716 sed,
405 655 570 722 antequam
591 665 629 704 eo
651 648 696 704 usi
719 648 853 705 calculos
875 648 1090 722 subducamus,
1123 649 1156 704 id
1176 648 1412 727 observandum,
1446 667 1538 724 posse

245 773 283 811 ex
301 755 361 813 hoc
386 757 424 814 28
449 755 636 815 coloniarum
658 775 785 816 numero
807 761 978 832 nonnullae,
1003 768 1038 816 ut
1061 759 1246 818 Florentiam
1269 767 1300 816 et
1316 758 1461 830 Falerios
1484 759 1537 814 de·

243 864 350 921 ductas
372 883 441 922 esse
463 875 535 942 post
555 870 682 944 Augusti
708 871 814 929 librum
836 867 1030 930 confectum1
1060 880 1092 929 et
1116 890 1185 929 earn
1207 872 1248 928 ob
1271 889 1395 928 causam
1426 871 1538 927 deesse

244 974 328 1047 apud
351 972 640 1052 Plinium,.quarum
663 999 820 1038 numerum
852 982 989 1058 appello:
1010 1001 1038 1040 x.
1063 979 1297 1039 Observandum
1325 981 1417 1038 etlam
1440 978 1539 1034 Bene-

163 1125 167 1136 ·
244 1080 395 1160 ventum2,
420 1083 585 1162 Capuam³‚
609 1086 797 1146 Ariminum4
819 1098 850 1148 et
871 1111 889 1148 a
913 1090 1070 1148 triumviris
1091 1098 1121 1149 et
1150 1090 1188 1148 ab
1209 1090 1348 1164 Augusto
1383 1103 1452 1144 esse
1485 1087 1539 1142 de·

245 1192 366 1250 ductas.
410 1194 466 1251 Est
485 1195 576 1271 igitur
604 1198 789 1256 coloniarum
817 1199 1044 1256 triumviralium
1070 1217 1226 1258 numerus:
1258 1197 1539 1266 46÷3÷x-28

227 1283 373 1362 '=21÷
389 1322 417 1362 x.
459 1305 560 1363 Fuere
593 1307 690 1382 Igitur,
724 1307 897 1365 Florentiae
931 1315 1022 1382 atque
1057 1307 1242 1366 Faleriorum
1277 1309 1396 1365 ratione
1426 1304 1538 1372 habita,

245 1411 284 1468 23
308 1429 433 1470 numero
456 1425 509 1472 aut
530 1415 640 1491 plures.

344 1519 419 1587 Iam,
447 1521 471 1579 si
498 1525 540 1581 ad
572 1525 784 1600 inscriptiones
816 1525 1001 1594 recurrimus,
1034 1542 1115 1580 nova
1150 1525 1243 1581 oritur
1272 1525 1442 1593 difficultas,
1479 1541 1540 1599 qua

244 1627 426 1702 impellimur
447 1634 608 1707 quomInus
631 1633 686 1690 illis
709 1633 839 1690 numeris
861 1641 990 1691 utamur.
1032 1633 1110 1690 Nam
1133 1651 1186 1690 eas
1209 1635 1304 1692 secuti
1334 1651 1396 1690 non
1427 1634 1540 1692 discer-

244 1755 317 1793 nere
339 1756 502 1814 possumus
536 1743 672 1800 colonias
704 1751 776 1799 ante
803 1761 829 1802 a.
852 1761 878 1802 a.
902 1742 936 1801 C.
959 1745 995 1802 31
1032 1751 1064 1798 et
1096 1753 1165 1816 post
1198 1761 1267 1799 eum
1291 1744 1454 1811 deductas,
1484 1744 1541 1800 sed

244 1847 336 1906 Iulias
357 1859 390 1907 et
413 1851 580 1925 Augustas.
628 1851 772 1909 Deducta
794 1859 898 1909 autern
930 1859 977 1908 est
1010 1870 1080 1926 pars
1103 1851 1247 1909 Iuliarum
1280 1859 1350 1925 post
1383 1849 1540 1908 victoriam

247 1957 405 2016 Actiacam
430 1969 461 2017 et
483 1967 556 2018 ante
578 1979 605 2021 a.
629 1980 658 2019 a.
681 1959 714 2020 C.
734 1964 782 2020 27.

343 2069 424 2126 Ante
447 2088 472 2128 a.
497 2089 524 2128 a.
549 2068 582 2130 C.
607 2072 646 2128 27
670 2070 811 2127 videntur
833 2087 899 2128 esse
922 2069 1093 2130 deductae:
1120 2073 1146 2129 1.
1161 2069 1269 2145 Capua
1284 2071 1363 2145 App.
1382 2070 1449 2130 be.
1466 2070 1495 2135 4,
1512 2072 1539 2128 3.

243 2175 303 2233 Dio
327 2176 414 2236 Cass,
439 2179 554 2245 49,14.
592 2179 657 2237 CIL
680 2179 707 2236 X
731 2198 760 2255 p.
777 2181 837 2239 368
854 2197 918 2256 sqq.
965 2183 992 2238 2.
1010 2179 1123 2237 Suessa
1139 2178 1294 2238 CILXn.
1311 2181 1402 2240 4832.
1437 2182 1465 2239 3.
1479 2179 1540 2237 Lu·

244 2287 325 2344 ceria
358 2289 436 2362 App.
461 2288 489 2349 b.
513 2308 537 2346 c.
562 2291 590 2357 4,
614 2292 641 2349 3.
697 2290 724 2351 4.
741 2289 878 2348 Venusia
900 2290 979 2366 App.
1014 2291 1032 2348 l.
1066 2291 1083 2349 l.
1115 2289 1261 2348 Horatius
1291 2307 1339 2364 ep.
1367 2292 1396 2356 2,
1430 2291 1459 2356 2,
1491 2291 1540 2347 50.

246 2399 274 2456 5.
299 2397 509 2455 Beneventum
531 2399 610 2474 App.
633 2399 651 2460 l.
675 2400 692 2459 l.
748 2402 775 2459 6.
800 2398 929 2456 Ancona
951 2400 1030 2474 App.
1052 2399 1081 2458 b.
1105 2417 1132 2458 c.
1155 2401 1184 2467 5,
1214 2401 1262 2458 23.
1322 2400 1347 2458 7.
1370 2397 1541 2472 Hispellum

243 2503 335 2564 Orelli
358 2509 449 2567 3885.
494 2510 523 2566 8.
544 2507 648 2565 Tuder
670 2507 843 2565 Mommsen
865 2507 999 2566 Hermae
1023 2509 1077 2569 vol.
1094 2508 1196 2565 XVIII
1217 2528 1246 2585 p.
1264 2510 1333 2568 183.
1378 2511 1407 2567 9.
1423 2507 1540 2564 Fanum

243 2616 396 2675 Fortunae
415 2616 508 2676 Orelli
529 2619 578 2676 83.
626 2621 673 2677 10.
691 2617 847 2677 Pisaurum
863 2617 940 2679 Plut.
957 2620 1061 2676 Anton
1077 2620 1126 2678 60.
1164 2616 1260 2690 Orelli
1275 2621 1324 2678 81.
1370 2621 1418 2677 11.
1436 2617 1539 2674 Lucus

244 2725 392 2783 Feroniae
422 2725 488 2784 CIL
517 2727 560 2784 XI
588 2747 616 2787 n.
641 2730 731 2790 3938.
790 2729 838 2786 12.
868 2729 1001 2786 Sutrium
1024 2728 1092 2787 CIL
1115 2728 1159 2786 XI
1181 2747 1211 2785 n.
1233 2729 1324 2787 3254.
1381 2730 1428 2786 13.
1452 2727 1542 2783 PIsae

247 2833 314 2892 CIL
336 2835 383 2894 XI
403 2837 541 2896 11.1420.
588 2837 634 2894 14.
657 2836 825 2894 ArImInum
848 2838 925 2912 App.
942 2837 970 2897 b.
991 2855 1015 2896 c.
1032 2841 1060 2908 4,
1085 2839 1113 2897 3.
1160 2837 1208 2896 15.
1225 2835 1363 2893 Dertona
1379 2834 1472 2893 Orelli
1491 2836 1540 2894 74.

249 2949 297 3004 16.
330 2944 482 3005 Cremona
505 2935 623 3002 Probus
646 2963 753 3005 comm.
776 2947 817 3004 ad
839 2945 930 3020 Verg.
954 2946 1008 3004 ecl.
1030 2964 1059 3020 p.
1073 2947 1101 3004 6.
1154 2946 1201 3005 17.
1223 2943 1398 3002 Concordia
1424 2943 1490 3002 CIL
1513 2941 1542 2998 V

247 3075 276 3116 n.
306 3057 396 3114 1884.
435 3057 521 3114 1901.
583 3057 631 3114 18.
667 3055 742 3113 Pola
766 3053 831 3113 CIL
867 3054 894 3109 V
927 3072 954 3113 n.
982 3057 1030 3114 50.
1056 3056 1146 3114 1016.
1171 3056 1263 3128 8139,
1298 3054 1428 3112 fortasse
1450 3056 1541 3114 etiam

249 3167 297 3223 19.
321 3163 421 3223 Saena
443 3171 567 3238 propter
589 3181 702 3220 nomen
723 3165 816 3221 Iuliae
837 3164 869 3220 in
891 3163 995 3221 tabula
1011 3163 1150 3238 Peuting.
1167 3164 1318 3232 additum,
1368 3166 1416 3224 20.
1432 3166 1543 3223 Ateste

248 3273 315 3332 CIL
338 3273 366 3329 V
387 3292 416 3348 p.
433 3275 495 3334 240
516 3291 545 3333 n.
561 3274 653 3347 2501,
698 3275 747 3333 21.
771 3273 920 3347 Tergeste
943 3271 1010 3330 CIL
1033 3271 1061 3327 V
1083 3289 1110 3347 p.
1126 3275 1166 3332 53
1190 3291 1219 3333 n.
1235 3273 1306 3332 525.
1330 3274 1390 3332 532
1414 3273 1445 3330 ΙΙ
1468 3277 1495 3334 3.

348 3381 419 3441 Post
441 3401 468 3442 a.
490 3401 518 3442 a.
542 3381 575 3443 C.
599 3385 638 3442 27
661 3383 818 3440 deductae
840 3372 924 3441 sunt:
1369 3377 1379 3396 ⁰

349 3495 375 3552 1.
400 3492 506 3568 Capua
527 3492 593 3552 CIL
616 3492 647 3550 X
668 3511 698 3552 n.
717 3493 807 3551 3832.
855 3495 883 3553 2.
910 3490 1077 3551 Venafrum
1100 3491 1168 3550 CIL
1185 3491 1213 3548 X
1235 3511 1265 3552 n.
1281 3493 1373 3551 4894.
1418 3493 1446 3549 3.
1463 3489 1544 3548 Nola

249 3603 317 3664 CIL
342 3603 370 3660 X
394 3622 423 3662 n.
443 3604 532 3661 1244.
594 3602 621 3659 4.
643 3600 853 3660 PuteoliCIL
876 3601 948 3658 VIII
975 3621 1003 3660 n.
1030 3603 1121 3661 7959.
1178 3603 1208 3660 5.
1232 3601 1440 3657 Beneventum
1475 3597 1543 3658 CIL

247 3713 294 3772 IX
316 3733 344 3772 n.
361 3713 452 3771 2165.
500 3708 527 3770 6.
552 3711 659 3769 Panna
680 3710 748 3768 CIL
770 3710 817 3767 XI
838 3730 867 3770 n.
886 3712 974 3770 1059.
1025 3712 1053 3770 7.
1077 3711 1242 3768 Ariminum
1266 3709 1333 3768 CIL
1354 3708 1397 3765 XI
1419 3727 1449 3767 n.
1473 3710 1542 3770 408.

248 3821 318 3884 414.
349 3821 521 3880 Mommsen
548 3819 682 3879 Hermae
708 3820 766 3880 vol.
788 3819 890 3876 XVIII
917 3838 947 3895 p.
966 3821 1034 3878 170.
1092 3823 1119 3880 8.
1142 3819 1243 3876 Brixia
1265 3817 1331 3876 CIL
1352 3817 1381 3873 V
1404 3836 1433 3876 n.
1451 3820 1543 3879 4212.

249 3937 278 3994 9.
301 3933 438 4006 Augusta
452 3929 655 3988 Taurinorum
678 3928 744 3987 CIL
766 3928 794 3984 V
817 3947 846 3988 n.
862 3930 954 3987 7047.
977 3929 1068 3988 6954.
1092 3930 1183 3988 7629.
1230 3930 1277 3986 10.
1293 3927 1435 4003 Augusta
1453 3928 1544 3986 Prae-

248 4043 325 4101 toria
346 4040 412 4100 CIL
434 4039 462 4095 V
485 4057 514 4114 p.
531 4039 600 4111 756,
635 4038 765 4096 sortasse
799 4038 891 4096 etiam
951 4040 998 4097 11.
1026 4037 1166 4095 Bononia
1199 4035 1374 4094 Mommsen
1410 4037 1545 4096 Hermae

248 4153 307 4211 vol.
323 4149 429 4209 XVIII
451 4166 479 4223 p.
499 4149 566 4207 172.

348 4260 461 4320 Carent
476 4256 564 4316 certis
579 4255 772 4316 testimoniis:
794 4259 821 4314 1.
838 4255 992 4330 Aquinum
1045 4257 1072 4314 2.
1092 4255 1167 4314 Sora
1212 4257 1239 4314 3.
1256 4255 1396 4314 Teanum
1441 4261 1468 4316 4.
1482 4257 1546 4314 An·

259 4411 435 4420 ,-...--..
441 4413 455 4418 .-

350 4506 359 4544 ¹
377 4511 408 4561 cs.
427 4527 453 4577 p.
469 4509 512 4564 23.
532 4509 566 4563 27
585 4527 624 4576 sq.
676 4461 680 4472 1
773 4506 786 4544 ²
803 4511 875 4576 App.
894 4510 920 4562 b.
940 4527 961 4562 c.
980 4508 1006 4576 4,
1026 4509 1051 4561 3.
1089 4508 1146 4558 CIL
1165 4509 1210 4557 IX
1229 4524 1253 4560 n.
1273 4506 1351 4560 2165.

350 4604 361 4640 θ
378 4609 450 4674 App.
469 4607 488 4659 1.
506 4607 523 4659 l.
544 4608 596 4657 Dio
616 4607 689 4660 Cass.
710 4606 753 4667 49,
775 4606 816 4659 14.
854 4608 913 4658 CIL
931 4608 960 4656 X
981 4622 1005 4658 n.
1025 4604 1103 4658 3832.

348 4701 360 4740 ⁴
377 4708 449 4771 App.
466 4703 485 4754 1.
503 4701 520 4754 l.
536 4705 686 4753 Mommsen
704 4703 818 4752 Hermae
837 4701 889 4753 vol.
908 4701 1007 4752 XVIII
1024 4717 1050 4767 p.
1072 4699 1123 4753 170
1141 4699 1210 4767 (CIL
1230 4700 1273 4749 XI
1291 4715 1316 4766 p.
1331 4699 1385 4765 76).
