3634 5242
910 333 950 392 23

282 511 542 592 comprobarunt.
584 513 679 585 Quod
703 521 917 588 argumentum
947 513 1028 571 adeo
1062 533 1125 571 non
1153 513 1369 572 laterculorum
1400 514 1492 572 tidem
1525 515 1580 573 im·

282 625 389 682 minuit
410 633 443 682 ut
463 625 564 700 potius
586 642 693 682 ansam
714 624 871 700 praebeat,
906 623 1031 696 quando
1053 622 1172 680 indices
1194 622 1289 681 Italici
1322 625 1486 700 conscripti
1519 625 1580 682 sint

191 769 192 774 κ
282 735 452 793 accuratius
476 734 663 794 definiendo,
701 733 809 808 Scripsi
829 733 922 807 igitur
937 731 1077 790 videntur
1097 739 1169 790 ante
1185 733 1307 792 ultimos
1324 734 1455 811 Augusti
1470 753 1578 809 annea,

281 845 365 920 quod
388 843 465 902 insra
486 852 602 901 certum
625 844 801 918 reddemus,
825 860 886 919 quo
909 843 978 899 loco
1002 843 1042 898 de
1066 842 1191 899 Faleriis
1220 843 1417 904 Etruscorum
1444 861 1578 918 agemus

282 953 379 1012 Deest
400 953 589 1011 coloniarum
613 953 764 1012 laterculis
789 953 903 1010 deinde
926 951 1108 1021 Abellinum,
1137 954 1222 1027 quod
1245 954 1416 1028 appellatur
1437 954 1469 1010 in
1489 953 1578 1011 titulo

280 1063 346 1121 CIL
362 1063 390 1120 X
405 1082 434 1120 n.
454 1064 533 1121 1117
557 1081 585 1122 a.
600 1081 629 1138 p.
646 1063 680 1122 C.
704 1065 763 1123 240
787 1057 933 1138 collonia)
949 1057 1112 1139 Ven(eria)
1139 1059 1244 1121 Liuia²
1263 1058 1428 1137 Aug(usta)
1445 1063 1578 1121 Alexan·

279 1166 415 1250 dilan(a)
437 1171 664 1240 Abellinatium,
687 1174 744 1229 sed
766 1181 870 1248 potest
893 1172 1005 1229 ultimis
1021 1172 1149 1248 Augusti
1172 1173 1259 1230 auctis
1283 1181 1334 1230 aut
1348 1171 1473 1230 Tiberio
1496 1172 1577 1247 prin-

281 1282 349 1355 cipe
373 1299 441 1338 esse
464 1281 609 1356 deducta,
632 1281 747 1339 deinde
770 1281 910 1355 Nuceria,
937 1299 1027 1356 quarn
1043 1281 1203 1356 Appianas
1226 1278 1267 1354 (b.
1289 1299 1314 1340 c.
1332 1286 1360 1358 4,
1384 1277 1416 1357 3)
1439 1279 1578 1338 nominat

280 1391 359 1446 inter
380 1391 469 1448 urbes
491 1409 510 1447 a
533 1390 691 1447 triumviris
715 1390 757 1446 ad
780 1389 981 1446 deducendas
1004 1388 1141 1446 colonias
1163 1388 1356 1465 designatas,
1390 1389 1448 1446 sed
1476 1387 1576 1446 scribo

281 1517 350 1556 cum
373 1496 536 1558 Belochio³
557 1495 723 1573 Λουκερία,
753 1500 846 1574 quod,
881 1517 950 1556 curn
972 1498 1129 1574 Appianus
1152 1498 1250 1556 forma
1274 1493 1431 1573 Νουκερία
1462 1505 1493 1554 et
1515 1495 1576 1554 Nu-

280 1609 391 1666 ceriam
415 1619 445 1666 et
468 1609 627 1666 Luceriam
653 1603 830 1682 significem,
859 1607 920 1664 iam
949 1625 1011 1664 non
1046 1616 1094 1664 est
1127 1608 1312 1666 coniectura.
1357 1607 1438 1664 Libri
1471 1615 1576 1663 autem

281 1719 465 1776 coloniarum
485 1721 577 1776 verba
599 1717 737 1789 (Lachm.
761 1734 790 1790 p.
815 1711 889 1790 235)
913 1715 1043 1774 Nuceria
1064 1713 1232 1772 Constantia
1244 1735 1327 1773 muro
1342 1717 1427 1773 ducta
1450 1717 1574 1774 colonia:

280 1827 398 1883 deducta
419 1829 500 1882 iussu
523 1828 588 1900 i‘mp.
614 1826 748 1901 Augusti
765 1833 834 1894 cet,
858 1833 891 1882 ut
911 1825 1029 1900 reliqua
1051 1825 1114 1882 eius
1137 1825 1178 1883 de
1200 1825 1386 1882 coloniarum
1410 1824 1576 1884 conditori·

279 1937 335 1993 bus
363 1936 548 2006 testimonia,
581 1937 691 1993 nullius
713 1943 784 1993 sunt
806 1936 952 2011 ponderis
963 1931 985 1995 ὅ.
1029 1934 1162 1992 Possunt
1189 1934 1356 1992 desiderari
1388 1934 1480 1991 etiam
1502 1933 1575 1990 Alli-

280 2045 337 2118 fae,
361 2063 453 2119 quam
473 2046 505 2104 in
527 2047 633 2104 urbem
655 2064 673 2102 a
695 2045 854 2103 triumviris
877 2045 1029 2103 coloniam
1051 2046 1217 2103 deductam
1239 2063 1308 2103 esse
1334 2052 1423 2120 putat
1444 2043 1575 2102 Momm·

279 2151 401 2228 senusss,
424 2157 481 2213 sed
503 2155 590 2213 huius
613 2155 657 2213 rei
680 2155 888 2212 testimonium
909 2153 1057 2212 habemus
1077 2155 1193 2212 nullum
1224 2156 1281 2212 nisi
1304 2155 1486 2212 levissimum
1509 2155 1575 2212 libri

278 2265 465 2322 coloniarum
488 2263 528 2339 (p.
553 2265 637 2338 231).
695 2263 813 2322 Deesse
846 2264 966 2320 videtur
999 2264 1131 2338 denique
1166 2263 1295 2320 Falerio.
1349 2264 1464 2322 Extant
1493 2265 1574 2322 enim

279 2373 447 2430 Domitiani
471 2375 512 2430 ad
535 2373 760 2448 quattuorviros
783 2382 813 2431 et
846 2374 1027 2432 decuriones
1052 2374 1270 2432 Faleriensium
1304 2373 1431 2451 litterae,
1464 2374 1573 2448 quibus

280 2483 382 2539 finitur
404 2483 439 2540 lis
462 2484 539 2540 inter
568 2484 624 2542 hos
654 2493 749 2559 atque
771 2484 931 2543 Firmanos
958 2487 998 2543 de
1031 2482 1215 2545 subsicivisl.
1253 2485 1289 2542 In
1322 2484 1430 2558 quibus
1453 2493 1514 2542 est:
1547 2489 1576 2540 et

280 2598 406 2649 uetustas
428 2594 498 2663 litis,
522 2613 595 2668 quae
610 2600 678 2668 post
703 2600 745 2650 tot
770 2614 861 2651 annos
885 2601 1068 2652 retractatur
1096 2615 1114 2651 a
1137 2596 1290 2652 Iii'rniani's
1318 2596 1457 2652 aduersus
1485 2594 1573 2650 Falc-

276 2703 398 2771 ri'cnses,
430 2704 605 2760 uehementer
637 2723 679 2760 me
706 2709 804 2778 mouet,
828 2723 889 2762 cum
904 2713 1101 2778 possessorum
1122 2705 1277 2761 securitati
1300 2705 1347 2760 nel
1367 2705 1462 2760 minus
1488 2704 1577 2759 multi
1673 2721 1676 2726 ⁴

277 2814 353 2869 anni
369 2811 504 2891 sufficere
518 2815 642 2886 possint,
665 2821 693 2870 et
713 2812 923 2888 diiri'Augusti,
946 2815 1166 2890 diligentissimi
1185 2820 1212 2870 et
1233 2814 1483 2887 indulgentissimi
1501 2831 1572 2888 erga

278 2929 436 2995 quartarios
459 2941 523 2980 suos
539 2925 696 2997 principis,
718 2924 854 2997 epistula,
885 2943 943 2998 qua
977 2925 1125 2980 admonuit
1154 2943 1210 2990 eos,
1243 2929 1277 2980 ut
1300 2924 1396 2980 omnia
1427 2923 1572 2996 supsi'ciiia

275 3049 330 3086 sua
350 3033 523 3107 colligerent
543 3041 570 3090 et
590 3035 753 3111 uenderent,
774 3052 842 3108 quos
863 3039 923 3090 tarn
943 3033 1065 3090 salubri
1084 3035 1280 3090 admonitioni
1288 3035 1424 3108 paruisse
1449 3051 1504 3089 non
1520 3033 1572 3088 du·

278 3139 351 3209 bi'to;
367 3149 492 3214 propter
514 3162 587 3216 quae
603 3153 802 3217 possessorum
824 3145 871 3200 ius
891 3143 1032 3218 confirmo.
1078 3143 1168 3216 Quae
1189 3143 1400 3202 Mommsenus
1425 3143 1457 3199 in
1489 3159 1572 3200 com·

277 3250 425 3308 mentatio
449 3251 636 3326 inscriptioni
658 3253 773 3321 addito,
806 3252 896 3310 Siculi
917 3252 1019 3310 Flacci
1042 3253 1196 3326 quaedam
1217 3248 1334 3309 verba⁸
1363 3259 1495 3326 secutus,
1528 3251 1571 3308 ita

276 3359 506 3433 interpretatur:
530 3361 627 3417 coloni
642 3361 779 3417 uidentur
800 3362 916 3418 deducti
934 3381 992 3418 esse
1018 3362 1147 3436 primum
1170 3361 1304 3418 Firmum
1324 3380 1343 3416 a
1377 3358 1569 3436 irrumpunt,

277 3468 378 3524 deinde
400 3467 585 3526 Faleriorum
607 3469 643 3526 ab
667 3468 797 3544 Augusto
818 3471 921 3543 opinor
936 3478 1007 3544 post
1018 3462 1152 3544 pugnam
1169 3472 1327 3540 Actiacam,
1348 3477 1382 3527 ut
1397 3472 1428 3526 in
1447 3471 1571 3528 secunda

275 3576 329 3633 liae
353 3577 563 3652 adsignatione,
585 3579 627 3634 si'c
648 3584 682 3635 ut
700 3587 782 3652 saepe
793 3578 913 3657 sactum
934 3586 975 3636 est
995 3578 1148 3656 (Rudorff
1164 3581 1228 3640 i'nst.
1248 3598 1342 3654 grani.
1359 3588 1392 3653 p.
1415 3580 1491 3654 402),
1512 3585 1570 3636 ter-

275 3686 382 3742 ritorii
401 3686 544 3743 Firmani
555 3695 633 3760 pars
656 3689 797 3762 quaedam
818 3689 1107 3764 comprehenderetur.
1159 3689 1222 3746 Iani
1245 3735 1251 3749 .
1274 3737 1280 3749 .
1304 3735 1311 3749 .
1340 3707 1381 3746 ex
1406 3689 1461 3746 hac
1481 3695 1571 3762 parte

277 3793 423 3868 quidquid
443 3796 474 3850 in
496 3795 728 3871 adsignationum
747 3816 802 3856 nori
829 3801 907 3856 uenit
932 3819 993 3856 curn
1017 3801 1225 3857 It'irmanorurn
1252 3805 1392 3872 maneret,
1414 3806 1571 3873 propterea

279 3902 421 3960 Firmani
440 3904 696 3963 Faleri'onensi'bus
719 3909 751 3964 de
772 3907 925 3966 subsicivis
953 3910 1027 3966 litem
1052 3907 1211 3969 movebant.
1261 3907 1321 3968 Sed
1350 3909 1506 3967 tuebantur
1540 3929 1570 3965 se

281 4087 473 4094 ———---—

375 4193 385 4230 ¹
404 4198 463 4247 CIL
481 4198 525 4246 XI
543 4214 568 4262 p.
587 4197 648 4250 306.
798 4196 996 4267 tExemplaria
1014 4201 1114 4254 habent
1133 4203 1211 4254 etiarn
1230 4204 1322 4255 Lenia.

373 4289 385 4326 ³
402 4294 463 4342 Der
481 4297 607 4344 italisclie
628 4297 712 4344 Bund
730 4305 810 4345 unter
827 4299 910 4348 Roms
928 4297 1096 4362 Hegenionie
1114 4316 1139 4365 p.
1160 4299 1183 4352 7.

373 4386 433 4441 4cf.
453 4391 628 4442 Wachsmuth
647 4393 691 4442 De
707 4394 824 4444 Luceria
842 4395 961 4459 Apuliae
978 4399 1052 4448 urbe.
1079 4399 1170 4461 Progr.
1190 4397 1263 4464 Lips.
1285 4395 1361 4450 1844.

373 4483 385 4518 5
403 4487 552 4539 Mommsen
571 4491 685 4539 Hermae
705 4489 756 4541 vol.
776 4491 874 4541 XVIII
891 4507 915 4555 p.
938 4491 1085 4545 173-180.

373 4577 385 4612 θ
403 4582 461 4631 CIL
478 4583 520 4632 IX
540 4601 565 4649 p.
585 4584 644 4636 214.
683 4587 796 4636 Hermae
816 4587 868 4636 vol.
889 4589 987 4637 XVIII
1006 4605 1030 4653 p.
1044 4588 1102 4641 164.
1204 4587 1215 4624 ⁷
1234 4592 1294 4642 CIL
1312 4592 1356 4642 IX
1375 4609 1400 4643 n.
1420 4590 1498 4646 5420.

373 4673 507 4730 8Lachm.
527 4696 552 4745 p.
574 4680 625 4733 1113
644 4698 667 4731 v.
687 4679 782 4734 5-14.
935 4680 1008 4736 ⁹lib.
1028 4685 1077 4737 col.
1095 4701 1120 4751 p.
1133 4683 1194 4739 226.
