3634 5242
882 370 922 432 ³3

253 555 309 635 ἐτη
342 554 415 636 περὶ
446 553 546 632 αὐτὴν
577 551 891 633 ἐπραγματεύθημεν,
923 552 1003 632 μετὰ
1036 552 1072 616 δέ
1095 553 1220 631 πολλῆς
1252 552 1470 632 κακοπαθείας
1499 553 1551 618 καὶ

254 664 413 731 κινδύνων
435 663 615 742 ἐπήλθομεν
636 662 760 740 πολλὴν
782 665 841 742 τῆς
862 681 898 727 τε
921 653 1034 741 Ἀσίας
1056 662 1109 726 καλ
1130 664 1189 741 τῆς
1210 661 1378 746 Εὐρώπης,
1403 662 1456 728 ἵνα
1483 667 1550 728 τῶν

255 770 515 849 ἀναγκαιοτάτων
547 771 600 835 καί
632 771 794 836 πλείστων
827 774 934 851 μερῶν
970 770 1127 836 αὐτόπται
1161 775 1355 851 γενηθῶμεν.
1422 779 1449 836 6.
1482 771 1551 836 ἐπεὶ

254 885 283 948 δ’
303 882 322 961 ἡ
345 882 402 961 μὲν
424 881 579 960 ὑπόθεσις
601 879 666 961 ἔχει
698 881 804 960 τέλος,
837 879 869 944 αἱ
894 881 995 961 βίβλοι
1028 882 1063 946 δὲ
1097 882 1185 963 μέχρι
1215 885 1274 948 τοῦ
1295 885 1354 947 νῦν
1382 879 1550 946 ἀνέκδοτοι

252 990 468 1071 τυγχάνουσιν
490 987 598 1062 οὖσαι,
623 987 777 1070 βούλομαι
799 988 919 1067 βραχέα
933 989 1136 1068 προδιορίσαι
1152 990 1224 1069 περὶ
1237 988 1317 1068 ὅλης
1332 992 1390 1067 τῆς
1408 1008 1550 1068 πραγμα-

252 1101 349 1180 τείας.
415 1107 443 1164 7.
478 1099 514 1164 ἐν
547 1100 583 1162 δὲ
615 1100 687 1178 ταῖς
720 1097 794 1176 ἑξῆς
826 1096 930 1162 εἴκοσι
953 1097 1005 1162 καὶ
1025 1099 1110 1178 τρισὶ
1133 1099 1255 1180 βίβλοις
1276 1100 1337 1178 τὰς
1358 1099 1476 1178 λοιπὰς
1492 1101 1549 1177 (sc.

252 1209 396 1289 πράξεις)
420 1207 551 1288 ἁπάσας
573 1205 799 1286 κατετάξαμεν,
833 1207 940 1286 μέχρι
970 1210 1040 1287 τῆς
1074 1206 1193 1288 ἀρχῆς
1226 1213 1298 1274 τοῦ
1325 1207 1550 1288 συστάντος

252 1319 426 1397 πολέμου
463 1304 665 1396 Ῥωμαίοις
699 1318 798 1396 πρὸς
834 1317 1017 1400 Κελτούς,
1054 1323 1124 1383 καθ’
1161 1318 1200 1384 δν
1235 1318 1418 1398 ἡγούμενος
1456 1318 1550 1398 Γάιος

252 1427 385 1507 Ἰούλιος
406 1428 553 1507 Καῖσαρ
575 1427 594 1492 δ
618 1426 682 1492 διὰ
706 1427 775 1506 τὰς
797 1428 962 1507 πράξεις
984 1429 1325 1508 προςαγορευθελς
1345 1427 1437 1507 θεός
1459 1447 1551 1491 κατε-

252 1537 417 1616 πολέμησε
434 1537 492 1616 μὲν
506 1536 546 1601 τὰ
561 1539 697 1602 πλεῖστα
719 1536 771 1600 καλ
793 1537 999 1616 μαχιμώτατα
1014 1539 1080 1601 τῶν
1097 1537 1223 1602 Κελτῶν
1244 1536 1331 1620 ἔθνη,
1353 1537 1550 1618 προεβίβασε

254 1648 290 1710 δὲ
305 1646 363 1725 τὴν
377 1644 551 1724 ἡγεμονίαν
566 1647 625 1725 τῆς
639 1643 764 1725 Ῥώμης
780 1646 869 1726 μέχρι
884 1648 950 1711 τῶν
975 1646 1241 1725 Βρεττανικῶν
1262 1646 1410 1725 νήσων·
1433 1644 1551 1708 τούτου

253 1756 283 1820 δ”
309 1754 341 1820 αἱ
364 1759 488 1836 πρῶται
509 1755 640 1834 πράξεις
673 1754 934 1833 ἐπετελέσθησαν
968 1752 1167 1833 ὀλυμπιάδος
1198 1759 1258 1834 τῆς
1289 1753 1469 1833 ἑκατοστῆς
1500 1752 1552 1817 καὶ

255 1864 478 1944 ὀγδοηκοστῆς
499 1863 640 1928 κατὰτὸ
664 1865 794 1942 πρῶτον
817 1860 924 1943 ἐτοςῐ)
947 1861 996 1926 ἐπ’
1018 1860 1178 1941 ἄρχοντος
1199 1850 1371 1940 Ἀθήνησιν
1396 1859 1549 1940 Ἡρώδου.

355 1982 382 2055 1,
405 1980 434 2054 5,
458 1981 490 2038 1;
526 1972 592 2039 ἀπὸ
624 1975 661 2038 δὲ
692 1977 752 2052 τῆς
780 1972 913 2052 πρώτης
946 1970 1147 2051 ὀλυμπιάδος
1178 1970 1224 2050 είς
1251 1971 1309 2049 τήν
1338 1969 1460 2050 ἀρχὴν
1481 1971 1551 2033 τοῦ

254 2084 439 2149 Κελτικοῦ
475 2083 669 2163 πολέμου,
701 2084 742 2162 ἣν
762 2082 917 2161 τελευτήν
949 2081 1150 2160 πεποιήμεθα
1180 2083 1239 2159 τῆς
1266 2079 1428 2160 ἱστορίας,
1456 2077 1552 2142 ἑπτα·

252 2191 349 2257 κόσια
370 2192 423 2257 καὶ
444 2191 637 2272 τριάκοντα2
659 2190 717 2275 (sc.
740 2191 818 2272 ἔτη).

356 2308 382 2373 1,
405 2307 456 2372 44,
482 2309 512 2364 1:
540 2299 592 2364 ὑπ’
617 2299 799 2380 ἀνθρώπων
819 2301 855 2365 δέ
878 2301 936 2379 τὴν
958 2300 1067 2380 χώραν
1093 2302 1147 2380 (sc.
1169 2299 1228 2378 τῆν
1257 2297 1430 2376 Αἴγυπτον)
1459 2301 1552 2378 βεβα-

255 2407 424 2473 σιλεῦσθαί
445 2421 548 2487 φασιν
564 2402 641 2493 [ἀπὸ
658 2403 826 2492 Μοίριδος]
844 2406 898 2486 ἐτη
916 2409 1016 2488 βραχύ
1031 2408 1183 2473 λείποντα
1200 2410 1266 2472 τῶν
1283 2405 1549 2484 πεντακισχιλίων

255 2517 364 2597 μέχρι
387 2519 454 2595 τῆς
476 2515 694 2596 ἑκατοστῆς
722 2516 782 2581 καλ
815 2515 1086 2596 ὀγδοηκοστῆς
1119 2515 1370 2596 ὀλυμπιάδος,
1403 2513 1472 2579 καθ’
1509 2514 1549 2591 ἣν

258 2625 348 2706 ἡμεῖς
370 2627 428 2706 μὲν
454 2624 680 2707 παρεβάλομεν
713 2623 760 2704 εἰς
794 2624 965 2705 Αἴγυπτον,
998 2625 1205 2707 ἐβασίλευε
1238 2627 1280 2692 δὲ
1303 2625 1549 2704 Πτολεμαῖος

253 2732 272 2798 ό
295 2735 388 2814 νέος
413 2733 612 2814 Διόνυσος
633 2733 842 2814 χρηματίζων.
1125 2743 1135 2760 “

343 2853 368 2919 1,
393 2850 441 2918 83,
464 2851 498 2908 8:
519 2849 691 2921 (Romanus
713 2856 839 2925 propter
858 2851 993 2907 aelurum
1014 2857 1157 2908 necatum
1183 2850 1222 2908 ab
1246 2849 1402 2925 Aegyptiis
1429 2846 1549 2904 occisus

253 2956 314 3030 est)
354 2953 423 3019 καθ’
457 2955 496 3020 δν
529 2954 651 3034 χρόνον
685 2953 931 3035 Πτολεμαῖος
963 2957 1021 3035 μὲν
1051 2955 1070 3020 δ
1104 2956 1257 3036 βασιλεὺς
1291 2954 1357 3020 ύπό
1381 2947 1548 3031 Ῥωμαίων

255 3061 360 3126 οὔπω
382 3065 681 3145 προσηγόρευτο
704 3066 830 3147 φίλος.
899 3073 932 3130 9:
965 3066 1018 3130 καὶ
1048 3069 1146 3130 τοῦτο
1180 3064 1239 3130 οὐκ
1267 3065 1300 3132 ἐξ
1325 3063 1426 3142 άκοῆς
1458 3062 1549 3141 ἡμεῖς

253 3170 456 3251 ἱστοροῦμεν,
489 3172 558 3238 ἀλλ’
596 3175 687 3241 αύτοί
716 3177 798 3240 κατὰ
831 3176 891 3256 τήν
927 3175 1144 3255 γεγενημένην
1173 3175 1247 3256 ἡμῖν
1276 3173 1443 3254 ἐπιδημίαν
1479 3169 1547 3236 κατ’

254 3277 412 3357 Αἴγυπτον
434 3279 616 3362 ἑορακότες.

355 3395 383 3469 3,
407 3397 456 3462 11,
480 3394 512 3454 3:
536 3389 588 3454 καί
609 3390 671 3469 γὰρ
692 3390 784 3470 ἡμεῖς
799 3394 870 3456 καθ’
887 3392 926 3458 ὃν
941 3392 1053 3471 καιρὸν
1066 3391 1292 3474 παρεβάλομεν
1312 3389 1358 3471 εἰς
1380 3389 1548 3467 Αἴγυπτον,

253 3501 389 3578 πολλοῖς
411 3499 470 3578 μέν
491 3501 558 3563 τῶν
582 3497 698 3578 ἱερέων
731 3499 932 3580 ἐνετύχομεν,
955 3500 1013 3564 ούκ
1042 3499 1164 3582 ὀλίγοις
1186 3503 1221 3567 δὲ
1254 3501 1306 3566 καλ
1334 3502 1549 3581 πρεσβευταῖς

253 3606 319 3672 άπό
342 3613 401 3688 τῆς
423 3606 590 3688 Αἰθιοπίας
611 3610 772 3688 παροῦσιν
793 3606 841 3688 εἰς
863 3608 982 3689 λόγους
1009 3609 1209 3692 ἀφικόμεθα·
1232 3610 1307 3692 παρ’
1341 3609 1388 3676 ῶν
1411 3609 1550 3690 ἀκριβῶς
1634 3667 1637 3672 .

254 3716 375 3782 ἕκαστα
396 3715 581 3796 πυθόμενοι,
613 3717 665 3782 καὶ
686 3718 765 3798 τοὺς
788 3719 908 3799 λόγους
931 3723 996 3786 τῶν
1017 3720 1191 3800 ἱστορικῶν
1213 3721 1448 3800 ἐξελέγξαντες,
1479 3725 1549 3800 τοῖς

255 3825 391 3906 μάλιστα
413 3831 648 3908 συμφωνοῦσιν
670 3827 853 3895 ἀκόλουθον
873 3831 933 3910 τῆν
954 3830 1148 3911 ἀναγραφὴν
1169 3831 1378 3911 πεποιήμεθα.

354 3942 382 4018 θ,
420 3943 470 4010 38,
506 3945 539 4001 2:
575 3937 614 4002 τό
646 3938 719 4018 περὶ
754 3939 813 4019 τὰς
851 3939 1064 4020 Βρεττανικὰς
1097 3939 1222 4020 νήσους
1255 3941 1308 4006 καλ
1342 3941 1402 4019 τῆν
1431 3939 1549 4020 ἄρκτον

253 4045 369 4124 ἥκιστα
389 4047 557 4114 πέπτωκεν
579 4047 642 4111 ύπό
664 4048 723 4127 τὴν
745 4049 856 4128 κοινήν
878 4047 1058 4129 ἀνθρώπων
1080 4049 1261 4127 ἐπίγνωσιν.
1295 4049 1377 4116 άλλὰ
1400 4050 1471 4129 περὶ
1492 4050 1550 4128 μὲν

153 4227 155 4232 ,
253 4158 319 4220 τῶν
339 4155 424 4235 πρός
447 4153 565 4236 ἄρκτον
584 4158 778 4238 κεκλιμένων
801 4162 908 4239 μερῶν
930 4162 988 4238 τῆς
1009 4156 1202 4240 οἰκουμένης
1223 4163 1288 4224 τῶν
1314 4159 1549 4224 συναπτόντων

253 4269 291 4349 τῆ
312 4265 364 4329 διὰ
386 4267 492 4346 ψῦχος
524 4264 663 4353 ἀοικήτῳ
694 4268 830 4349 διέξιμεν
852 4267 933 4334 όταν
960 4269 1020 4347 τὰς
1048 4269 1160 4333 Γαῖου
1191 4269 1392 4346 Καίσαρος
1418 4266 1549 4346 πράξεις

253 4371 507 4455 ἀναγράφωμεν·
531 4379 565 4440 3:
587 4374 685 4457 ούτος
707 4376 769 4457 γὰρ
791 4377 862 4456 τὴν
883 4376 1078 4457 Ῥωμαίων
1103 4377 1314 4458 ἡγεμονίαν
1336 4374 1393 4456 εἰς
1417 4376 1548 4441 ἐκεῖνα

353 4604 438 4658 ¹Aut
457 4612 551 4661 erravit
569 4612 705 4663 Diodorus
724 4621 768 4664 aut
786 4628 910 4664 numerus
928 4621 968 4664 est
986 4621 1121 4681 corruptus
1141 4615 1172 4666 cs.
1193 4613 1300 4663 Clinton
1328 4614 1387 4666 fast.
1412 4612 1486 4664 Hell.
1515 4613 1548 4661 ad

252 4719 275 4754 ιι.
296 4702 339 4756 59.
489 4704 553 4760 ”ct
572 4707 678 4759 Clinton
696 4708 715 4762 1.
734 4709 751 4761 λ.

1334 4806 1351 4859 3
