3634 5242
916 385 955 444 37

393 567 543 627 Coloniae
565 585 679 626 nomen
694 566 808 625 Plinius
831 565 942 624 indidit
953 565 1093 625 Thermis
1115 563 1301 635 Selinuntiis‚
1324 572 1358 622 ut
1372 564 1488 640 periplo
1505 582 1588 623 com·

294 678 449 754 probatur.
492 677 584 750 Quae
598 676 752 734 Thermae
774 693 814 733 ne
837 673 1054 750 rempublicam
1069 673 1193 748 quidem
1212 673 1354 730 videntur
1368 674 1502 748 adeptae
1517 691 1587 732 esse

292 785 372 860 (CIL
392 786 424 846 X
444 805 472 864 p.
484 783 570 861 tus),
593 785 649 846 sed
665 785 821 843 Thermae
843 783 1017 858 Himereae,
1040 799 1116 860 quas
1138 781 1249 839 Plinius
1272 781 1396 839 omnino
1419 799 1483 840 non
1504 800 1588 840 com·

294 904 453 974 memorat,
484 904 519 954 ut
540 915 576 955 ex
597 895 685 954 titulo
708 893 775 954 CIL
797 893 827 951 X
849 911 877 952 n.
901 895 982 953 7345
1007 891 1146 959 efficitur,
1180 890 1264 949 luere
1293 891 1416 949 colonia
1438 890 1586 967 Augusta.

289 1005 430 1064 Erratum
452 1013 536 1064 certe
559 1014 616 1074 est,
640 1005 697 1063 sed
719 1003 805 1079 quod
826 1003 893 1061 luce
915 1001 1024 1061 clarius
1046 1019 1109 1059 non
1131 1001 1171 1060 ab
1193 1001 1345 1076 Augusto,
1369 1000 1425 1060 sed
1445 1019 1463 1058 a
1480 999 1586 1069 Plinio,

288 1114 349 1191 qui,
384 1132 453 1173 cum
482 1113 632 1174 Thermas
669 1113 852 1172 Selinuntias
887 1112 1035 1170 inveniret
1072 1111 1104 1168 in
1133 1110 1260 1187 periplo,
1301 1110 1386 1186 apud
1415 1109 1587 1185 Augustum

291 1223 417 1282 colonos
441 1223 666 1302 Thermitanos‚
700 1222 771 1298 quia
799 1223 875 1281 duas
903 1221 1021 1280 Siciliae
1051 1239 1120 1280 esse
1143 1219 1291 1280 Thermas
1324 1218 1496 1295 ignorabat,
1529 1219 1586 1277 illis

289 1349 405 1389 nomen
428 1331 567 1390 coloniae
589 1347 745 1408 apponere
766 1346 830 1388 non
853 1329 1013 1388 dubitavit.
1057 1329 1207 1388 Videmus
1233 1329 1323 1404 igitur
1344 1328 1504 1404 quomodo
1527 1326 1585 1384 Pli-

290 1443 359 1501 nius
381 1441 529 1518 periplum
551 1458 590 1498 ex
612 1441 751 1515 Augusto
774 1437 967 1515 suppleverit.
1013 1438 1158 1496 Deducta
1181 1445 1229 1496 est
1247 1437 1515 1496 Thermitanorum
1531 1435 1586 1493 Hi·

290 1565 462 1608 mereorum
484 1548 614 1618 colonia,
646 1547 731 1624 quod
753 1563 865 1606 nomen
887 1547 982 1606 habet
1003 1547 1174 1622 Augustae,
1209 1555 1281 1622 post
1302 1563 1329 1607 a.
1353 1547 1401 1615 at,
1434 1561 1528 1620 quare
1553 1545 1586 1602 id

289 1678 316 1719 a.
342 1660 378 1718 21
404 1657 518 1718 iactum
540 1674 609 1716 esse
629 1656 748 1716 videtur
769 1649 845 1733 (Dio
868 1656 954 1716 Cass.
977 1658 1026 1726 54,
1043 1655 1086 1732 7).

389 1765 513 1844 Oppida
535 1764 734 1842 stipendiaria
760 1775 831 1824 sunt
853 1767 938 1842 apud
960 1764 1104 1824 Plinium:

388 1875 510 1935 Henna.
556 1875 645 1949 Quae
673 1876 840 1952 appellatur
862 1875 893 1934 in
914 1874 1057 1951 nummis,
1090 1891 1168 1950 quos
1197 1891 1253 1950 per
1278 1873 1360 1933 bella
1390 1872 1489 1932 civilia
1511 1882 1584 1932 ante

286 1985 435 2061 proelium
467 1985 627 2045 Actiacum
654 2003 744 2045 cusos
776 2003 844 2045 esse
879 1985 1020 2062 opinatur
1052 1983 1263 2041 Mommsenus
1295 1978 1375 2056 (CIL
1397 1984 1425 2042 X
1457 2003 1486 2061 p.
1513 1986 1583 2044 736.

290 2095 431 2154 Mionnet
453 2094 468 2153 I
490 2114 520 2171 p.
537 2097 598 2155 234
620 2114 650 2155 n.
666 2097 727 2154 212
744 2112 788 2170 sq.
820 2095 885 2154 s.1
914 2113 943 2170 p.
961 2095 1021 2154 385
1048 2113 1078 2154 n.
1106 2095 1166 2153 187
1189 2089 1249 2169 sq.)
1281 2111 1359 2150 mun.
1392 2092 1499 2150 Hem
1531 2103 1585 2152 aut

289 2204 411 2262 Iriennae
442 2204 569 2263 adiectis
602 2204 762 2263 duovirum
794 2204 976 2265 nominibus.
1031 2203 1093 2262 Sed
1125 2202 1166 2259 nil
1196 2203 1308 2280 obstat,
1340 2203 1503 2279 quominus
1529 2222 1583 2262 eos

289 2329 431 2370 nummos
453 2322 525 2370 ante
548 2332 576 2372 a.
601 2315 650 2383 36,
678 2331 739 2389 quo
759 2321 900 2388 tempore
921 2313 1063 2372 omnibus
1083 2311 1189 2370 Siculis
1216 2312 1320 2370 civitas
1347 2311 1412 2385 fuit,
1447 2314 1583 2388 signatos

288 2428 318 2478 et
348 2430 419 2496 post
441 2419 552 2479 bellum
574 2421 707 2480 Siculum
727 2421 912 2480 Hennenses
935 2421 1150 2497 stipendiarios
1172 2419 1271 2480 iactos
1293 2431 1445 2497 putemus

387 2529 595 2605 Agrigentum.
632 2531 726 2590 Cuius
742 2531 849 2607 oppidi
864 2539 970 2589 extant
986 2531 1101 2588 nummi
1115 2531 1250 2608 inscripti
1266 2532 1359 2590 latine
1372 2532 1581 2607 Agrigentum,

290 2639 415 2697 nomine
436 2640 628 2716 imperatoris
649 2657 712 2698 non
733 2639 852 2714 addito,
875 2657 953 2717 quos
968 2657 1023 2716 per
1038 2639 1115 2698 bella
1131 2639 1228 2698 civilia
1243 2656 1335 2698 cusos
1349 2648 1438 2716 putat
1450 2640 1581 2699 Momm·

290 2767 380 2808 senus
404 2745 484 2822 (CIL
499 2748 530 2807 X
543 2768 573 2826 p.
591 2743 675 2829 737).
718 2749 780 2822 Qui
802 2758 874 2808 ante
896 2767 922 2808 a.
946 2753 985 2810 36
1008 2749 1081 2807 mihi
1103 2748 1246 2808 videntur
1266 2766 1337 2808 esse
1359 2749 1433 2808 cusi.
1468 2749 1583 2807 Extant

285 2855 400 2913 deinde
431 2856 557 2924 nummi,
591 2856 643 2932 qui
672 2855 787 2915 habent
812 2867 905 2934 caput
927 2857 1059 2931 Augusti
1081 2865 1114 2915 et
1135 2856 1291 2934 Agrippae
1313 2854 1354 2934 (Ρ)
1383 2868 1415 2917 et
1440 2877 1581 2936 graecam

286 2963 513 3040 inscriptionem
523 2959 544 3023 1.
592 2964 653 3038 Qui
679 2965 895 3026 laterculorum
923 2967 1171 3042 Augustanornm
1201 2975 1338 3042 tempore
1370 2967 1443 3026 mibi
1472 2969 1581 3043 signati

287 3074 438 3136 videntur.
482 3075 598 3134 Extant
619 3076 754 3152 denique
776 3077 891 3135 nummi
913 3077 965 3153 qui
988 3075 1102 3134 habent
1121 3083 1213 3151 caput
1232 3077 1361 3153 Augusti
1382 3077 1525 3152 inscripti,
1548 3087 1581 3135 ut

286 3190 389 3241 cetera
411 3183 559 3258 omittam,
594 3183 769 3243 nominibus
792 3184 960 3244 duovirum.
1010 3186 1051 3243 At
1076 3185 1270 3244 inveniuntur
1292 3185 1411 3244 duoviri
1433 3186 1528 3244 etiam
1549 3187 1581 3244 in

286 3291 409 3369 oppidis
432 3292 583 3368 peregrini
606 3293 677 3352 iuris
689 3289 710 3351 ².
753 3293 814 3353 Sed
836 3294 916 3352 hanc
938 3294 1112 3369 explicandi
1135 3294 1223 3367 viam,
1256 3295 1401 3371 quoniam
1423 3275 1579 3353 meliorem

285 3403 386 3472 video,
408 3420 472 3460 non
486 3401 638 3479 ingrediar
650 3398 671 3462 ⁸.
716 3403 772 3462 Est
793 3403 875 3461 enim
897 3421 1004 3461 eorum
1026 3403 1077 3480 qui
1099 3402 1172 3460 mihi
1193 3403 1392 3461 innotuerunt
1412 3403 1502 3462 huius
1525 3423 1579 3479 ge·

282 3512 364 3570 neris
388 3528 580 3569 nummorum
594 3511 766 3588 inscriptio:
789 3510 919 3587 Augusto
934 3521 967 3585 p.
984 3521 1017 3586 p.
1027 3509 1050 3582 4,
1074 3520 1146 3570 sunt
1160 3512 1251 3586 igitur
1266 3511 1437 3570 ultimorum
1449 3513 1581 3587 Augusti

285 3637 433 3679 annorum
456 3617 540 3695 (post
563 3641 589 3680 a.
612 3639 639 3680 a.
663 3620 697 3682 C.
720 3617 762 3695 2),
796 3629 869 3678 ante
891 3637 969 3696 quos
991 3621 1120 3696 Augusti
1142 3620 1261 3678 indices
1284 3620 1413 3696 scriptos
1436 3639 1503 3682 esse
1524 3641 1580 3698 pu·

284 3731 411 3788 tandum
434 3738 492 3788 est.
536 3729 737 3804 Agrigentum
759 3728 850 3804 igitur
877 3746 946 3787 cum
973 3729 1083 3788 ceteris
1109 3730 1230 3805 oppidis
1252 3729 1358 3788 Siculis
1382 3731 1578 3808 municipium

284 3837 397 3897 lactum
420 3847 517 3898 esta.
540 3840 590 3898 44.
635 3837 737 3910 Quam
764 3839 834 3898 iuris
864 3839 1078 3899 condicionem
1106 3857 1175 3898 cum
1197 3840 1279 3898 bello
1301 3839 1329 3899 S.
1353 3839 1481 3917 Pompei
1504 3841 1578 3900 ami·

283 3947 374 4006 sisset
396 3947 509 4006 ultimis
533 3948 665 4023 Augusti
686 3948 774 4006 annis
797 3949 995 4026 recuperavit.

382 4057 570 4134 Lilybaeum.
605 4057 747 4116 Eandem
765 4075 856 4134 quam
872 4059 1074 4134 Agrigentum
1090 4058 1197 4118 habuit
1216 4068 1338 4121 sortem.
1379 4060 1578 4137 Municipium

285 4166 366 4226 enim
396 4167 569 4243 appellatur
597 4167 628 4224 in
659 4167 748 4225 titulo
775 4167 841 4227 CIL
863 4167 894 4226 X
916 4187 945 4227 n.
970 4169 1051 4228 7223
1080 4175 1112 4226 et
1141 4169 1173 4226 in
1200 4170 1330 4228 nummis
1360 4171 1416 4229 sub
1439 4171 1578 4245 Augusto

283 4275 364 4337 cusis
393 4284 459 4335 est:
491 4274 758 4354 Augustianorum)
782 4275 1055 4352 Lilybitffinorum).
1101 4278 1215 4352 Quare,
1250 4297 1320 4338 cum
1349 4278 1508 4356 probabile
1539 4280 1578 4337 sit

380 4439 389 4471 ¹
409 4441 467 4494 Cat.
487 4457 556 4494 num.
574 4442 625 4494 Sic.
644 4441 716 4495 britt.
736 4459 802 4497 mus.
820 4441 904 4510 p..23
923 4460 948 4497 n.
970 4441 1029 4496 165.
1167 4440 1269 4494 2Infra
1286 4461 1312 4512 p.
1332 4442 1375 4499 45.

381 4533 393 4570 ¹³
412 4539 487 4589 Idem
506 4539 620 4606 pertinet
639 4540 672 4589 ad
691 4541 848 4590 Panormum
867 4538 947 4606 (infra
964 4557 990 4606 p.
1009 4538 1065 4608 38).

377 4631 511 4687 ‘Eckhel
540 4637 553 4685 I
583 4651 608 4701 p.
629 4633 689 4688 194.
726 4637 783 4687 Cat.
811 4653 879 4688 num.
910 4637 962 4688 Sic.
990 4637 1061 4690 britt.
1086 4653 1153 4689 mus.
1180 4654 1205 4703 p.
1225 4635 1260 4689 22
1283 4645 1309 4687 et
1333 4637 1367 4690 23
1395 4654 1420 4690 n.
1446 4637 1576 4692 luo—64.

277 4731 303 4796 J.
324 4730 406 4781 Klein
426 4732 480 4782 Die
504 4731 817 4796 Verwaltungsbeamten
837 4735 885 4782 der
905 4734 1053 4784 Provinaen
1073 4735 1118 4784 des
1138 4735 1313 4786 rdm.Reichs
1331 4736 1344 4783 I
1362 4733 1451 4802 p.·99.
