3634 5242
893 363 931 419 13

263 550 319 608 mis
328 544 348 608 ¹.
394 545 599 606 statuendum
620 545 710 619 igitur
733 552 781 602 est
802 561 913 621 eama
936 545 1076 602 coloniae
1100 545 1140 602 ad
1163 543 1317 620 municipii
1334 545 1380 602 ius
1397 545 1561 606 transiisse.

208 657 212 666 '
264 657 359 732 Quod
381 675 434 716 eur
456 656 521 714 fieri
542 674 606 713 non
628 655 764 731 potuerit
797 671 861 712 nou
893 655 992 714 video.
1036 655 1134 713 Multa
1166 664 1238 712 sunt
1270 655 1418 731 exempla,
1452 657 1562 732 quibus

263 767 438 826 civitatibus¹
461 766 627 824 foederatis
651 773 704 822 aut
726 764 826 822 liberis
853 764 1006 839 privilegia
1029 782 1083 822 sua
1112 773 1217 841 erepta
1249 783 1318 823 esse
1349 766 1562 840 intellegimus
1625 771 1628 777 '

265 876 428 935 Civitatem
441 876 545 940 etiam,
567 875 652 932 cuius
668 876 792 933 dandae
808 875 965 948 Augustus
980 883 1046 932 erat
1060 871 1284 951 parcissimus2,
1307 875 1367 932 iam
1384 892 1563 933 concessam

264 1003 366 1044 rursus
391 987 548 1060 demptam
581 1001 651 1042 esse
678 991 806 1042 testatur
828 983 888 1041 Dio
913 981 1035 1042 Cassius
1068 983 1132 1058 (54,
1156 977 1218 1064 25).
1272 983 1415 1060 Denique
1443 993 1564 1042 constat

264 1094 404 1161 Comum,
428 1111 613 1170 quamquam
629 1113 646 1151 a
662 1092 794 1153 Caesare
818 1094 958 1153 coloniae
978 1094 1042 1152 iure
1058 1094 1217 1172 donatum,
1239 1102 1351 1168 postea
1365 1093 1563 1169 municipium

264 1200 379 1262 fuisset
417 1203 694 1278 Praenestinosque
728 1221 747 1260 a
779 1200 904 1260 Tiberio
936 1200 1071 1276 petiisse,
1105 1209 1139 1258 ut
1172 1200 1244 1257 urbs
1277 1218 1333 1258 sua
1367 1218 1405 1258 ex
1442 1199 1562 1258 colonia

262 1313 458 1388 municipium
492 1309 604 1380 tereti,
642 1313 727 1388 quod
764 1311 878 1370 tactum
917 1327 985 1368 esse
1022 1311 1253 1368 demonstratur
1289 1326 1394 1367 eorum
1432 1310 1525 1368 titulis
1535 1305 1556 1370 ⁵.

266 1421 369 1495 Quare
406 1423 448 1480 nil
483 1423 587 1481 obstat
624 1421 785 1498 quominus
821 1429 971 1497 putemus,
1010 1419 1187 1479 Bilbilitanis
1228 1449 1267 1459 —
1309 1419 1463 1478 nescimus
1499 1437 1560 1496 qua

263 1535 419 1594 decausa
440 1565 475 1574 -
501 1533 642 1592 coloniae
664 1533 710 1590 ius
734 1533 900 1607 demptum,
923 1529 1078 1605 municipii
1101 1531 1209 1588 datum
1224 1546 1301 1590 esse.
1345 1528 1458 1588 Indicis
1473 1547 1563 1604 prae·

263 1652 348 1702 terea
373 1643 585 1701 testimonium
607 1641 785 1700 confirmare
807 1640 879 1698 mihi
901 1641 1045 1698 videntur
1059 1639 1174 1697 nummi
1189 1639 1220 1696 in
1244 1639 1344 1696 antica
1358 1647 1445 1713 parte
1460 1639 1561 1714 capite

264 1754 400 1828 quodam
423 1753 497 1809 virili
524 1762 578 1810 aut
599 1751 699 1826 capite
722 1750 852 1825 Augusti
876 1758 907 1807 et
929 1751 1052 1808 nomine
1075 1747 1210 1822 Bilbilis,
1233 1749 1265 1806 in
1290 1747 1409 1824 postica
1439 1748 1562 1805 nomine

263 1862 368 1920 Italica
391 1858 532 1938 signati⁶,
562 1879 639 1936 quos
663 1861 765 1936 primis
787 1860 906 1936 imperii
929 1859 1060 1934 Augusti
1083 1859 1170 1918 annis
1192 1875 1282 1917 cusos
1315 1857 1483 1932 putandum
1506 1866 1563 1917 est.

264 1971 385 2028 Nomen
407 1972 516 2030 Italica
538 1971 604 2029 urbi
627 1989 694 2029 cum
717 1971 856 2028 coloniae
878 1971 942 2028 iure
964 1971 1083 2028 videtur
1106 1986 1176 2027 esse
1191 1970 1297 2027 datum
1313 1976 1355 2040 et,
1378 1985 1447 2026 cum
1468 1966 1563 2024 muni-

267 2080 379 2156 cipium
403 2081 499 2148 tieret,
522 2083 708 2157 ademptum,
733 2098 805 2139 nam
827 2081 856 2138 in
879 2081 1010 2184 nummis
1033 2079 1164 2156 Augusti
1187 2087 1257 2154 post
1280 2095 1307 2138 a.
1331 2095 1357 2136 a.
1381 2075 1450 2136 C.2
1474 2076 1565 2145 cusiS,

266 2189 297 2246 in
320 2189 444 2260 Tiberii,
468 2189 623 2265 Caligulae
645 2207 708 2247 non
729 2190 884 2264 reperitur.

365 2299 454 2372 Quae
492 2318 561 2358 cum
597 2301 640 2357 ita
662 2300 735 2374 sint,
769 2299 978 2357 demonstravi
1000 2298 1164 2357 laterculos
1186 2296 1373 2371 Hispanicos
1394 2303 1466 2371 post
1487 2311 1514 2354 a.
1538 2311 1564 2352 a.

265 2408 302 2469 C.
326 2413 364 2469 19
389 2409 531 2481 (fortasse
557 2405 607 2482 15)
629 2417 660 2466 et
682 2418 754 2466 ante
776 2409 898 2466 ultimos
928 2407 1059 2484 Augusti
1090 2425 1188 2466 annos
1220 2423 1290 2463 esse
1323 2406 1462 2480 scriptos.
1507 2402 1564 2460 Cui

267 2521 310 2577 rei
333 2519 405 2576 nihil
425 2519 538 2594 obstat,
570 2535 641 2575 nam
667 2527 788 2593 praeter
821 2518 948 2575 dubium
982 2517 1054 2574 illud
1078 2515 1269 2574 Flaviobrica
1306 2513 1426 2572 colonia
1457 2511 1564 2587 peripli

264 2629 336 2686 nihil
358 2629 390 2685 in
410 2629 446 2685 iis
466 2628 624 2703 invenitur,
646 2629 730 2702 quod
753 2635 873 2702 tempus
894 2636 966 2702 post
982 2627 1155 2700 Augustum
1175 2623 1334 2699 significet.
1383 2621 1488 2694 Quare
1503 2621 1564 2678 iam

264 2738 437 2813 Augustum
458 2738 557 2813 ipsum
583 2754 691 2794 eorum
713 2753 782 2794 esse
805 2743 961 2794 auctorem
982 2742 1101 2792 certum
1124 2734 1166 2794 fit.

637 3064 686 3138 11.
719 3062 858 3137 Gallia
883 3061 1186 3136 Narbonensis.

364 3273 485 3330 Eodem
517 3271 612 3327 modo
646 3268 796 3343 descripta
829 3273 875 3322 est
905 3283 965 3340 quo
998 3264 1086 3322 Italia
1119 3271 1150 3320 et
1183 3263 1342 3338 Hispania.
1388 3261 1492 3336 Quare
1525 3281 1562 3320 ex

264 3383 403 3457 Augusto
426 3388 572 3454 excerpta
600 3378 741 3435 videntur
764 3376 855 3434 haec:

415 3489 605 3549 11136Detl.:
619 3481 690 3564 „(ln
700 3481 939 3558 mediterraneo)
951 3484 1123 3541 coloniae
1134 3481 1473 3556 ArelateSextanorum,
1487 3481 1565 3540 Bae·

412 3609 510 3658 terrae
524 3598 779 3674 Septimanorum,
797 3595 925 3652 Arausio
941 3591 1195 3651 Secundanorum
1205 3587 1227 3660 ⁷,
1251 3590 1295 3665 (in
1307 3591 1395 3667 agro)
1411 3589 1562 3648 Cauarum

415 3710 566 3778 Valentia,
590 3706 710 3766 Vienna
733 3705 941 3778 Allobrogum.
976 3705 1116 3780 oppida
1149 3702 1282 3760 Latina
1304 3703 1412 3777 Aquae
1439 3700 1561 3758 Sextiae

417 3821 623 3890 Salluviorum,
648 3816 787 3874 Avennio
803 3813 962 3889 Cavarum,
983 3816 1065 3889 Apta
1080 3813 1155 3870 Iulia
1169 3812 1387 3887 Vulgientium,
1410 3811 1564 3868 Alaebece

413 3924 579 3987 Reiorum⁸
601 3926 830 4002 Apollinarium,
854 3925 933 3982 Alba
955 3922 1130 3991 Heluorum,
1154 3923 1295 3998 Augusta
1316 3920 1563 3986 Tricastinorum,

415 4040 556 4114 Anatilia,
571 4039 681 4106 Aerea,
698 4035 851 4106 Bormani,
877 4033 1018 4103 Comani,
1042 4031 1188 4111 Cabelli0,
1212 4030 1377 4090 Carcasum
1400 4030 1564 4088 Volcarum

415 4148 631 4225 Tectosagum,
655 4145 795 4220 Cessero,
828 4139 1074 4202 Carbantorate⁹
1098 4141 1310 4216 Meminorum,
1346 4138 1563 4212 Caenicenses,

364 4324 374 4362 ¹
393 4329 515 4378 Mionnet
533 4325 545 4378 1
563 4343 589 4393 p.
604 4323 639 4378 30
657 4341 682 4376 ιι.
702 4323 763 4377 219.
784 4321 844 4376 221.
967 4318 1070 4372 2Suet.
1090 4321 1162 4384 Aug.
1181 4317 1224 4372 40.
1261 4319 1315 4368 Dio
1335 4317 1406 4368 Cass.
1427 4314 1470 4382 56,
1489 4313 1532 4366 33.

363 4420 375 4456 ⁸
393 4424 453 4474 CIL
472 4421 496 4476 V
514 4439 540 4489 p.
559 4421 620 4476 565.
720 4415 733 4454 ⁴
752 4419 856 4470 Gellius
875 4418 918 4479 16,
939 4417 981 4479 13,
1000 4415 1025 4470 5.
1137 4414 1149 4450 ⁵
1168 4417 1227 4467 CIL
1245 4414 1316 4464 XIV
1333 4429 1360 4479 p.
1380 4411 1441 4466 288.

363 4518 514 4570 6Μίοιιιιιιι
532 4518 545 4571 Ι
564 4537 589 4586 p.
608 4518 644 4572 30
662 4535 687 4571 ιι.
707 4516 768 4570 214.
808 4515 901 4583 Suppl.
922 4513 935 4566 I
953 4531 979 4580 p.
999 4513 1034 4566 55
1054 4530 1079 4567 ιι.
1099 4512 1160 4566 309.

363 4614 374 4652 ⁷
392 4619 532 4668 Baeterrae
551 4623 611 4666 ante
629 4616 805 4666 Arausionem
825 4629 840 4662 a
860 4613 950 4663 Plinio
968 4613 1028 4679 ipso
1050 4612 1160 4662 fortasse
1180 4616 1241 4660 sunt
1259 4609 1367 4675 positae.

367 4711 379 4749 ⁸
398 4714 457 4766 cn
475 4711 529 4766 ιιιι
546 4729 572 4779 p.
590 4712 634 4766 49.
735 4709 747 4746 ⁹
765 4712 824 4762 err.
842 4709 896 4763 ιιιι
914 4727 940 4777 p.
961 4707 1021 4762 ιιι.
