3634 5242
755 359 901 424 v45

333 546 455 606 Eodem
477 555 617 623 tempore
640 555 723 606 ortas
745 554 820 622 puto
844 546 982 606 colonias
1005 545 1136 622 Carpim,
1170 546 1342 624 Neapolim,
1376 545 1529 606 CurubIm.

236 658 387 737 Tusdrus,
416 657 560 732 quoniam
594 657 750 732 municipii
784 657 829 714 ius
857 657 1015 733 accepisse
1043 659 1163 715 videtur
1188 675 1206 715 a
1239 656 1386 733 SeptImio
1409 656 1529 731 Sevem,

233 785 347 825 nomen
368 767 463 824 Iuliae
479 784 548 824 cum
563 767 703 825 libertate
725 765 855 824 fortasse
876 767 991 841 adepta
1013 775 1060 823 est
1083 786 1102 824 a
1116 766 1250 826 Caesare
1262 774 1350 842 patre
1372 774 1425 824 aut
1440 760 1529 826 filiol.

235 874 427 951 Quamquam
449 869 497 953 (ut
511 874 666 932 Tusdrum
687 869 852 952 excipiam)
874 875 963 932 aliam
986 875 1078 932 etiam
1100 875 1190 932 vIdeo
1214 875 1342 950 cogitari
1364 892 1458 950 posse
1478 893 1530 932 ex·

233 985 434 1060 plicationem.
477 982 661 1042 Nominatur
686 983 781 1042 Abbir
808 983 893 1042 Cella
925 985 955 1042 in
978 984 1064 1042 titulo
1099 1000 1190 1059 supra
1219 983 1310 1042 allato
1342 985 1530 1058 municipium

234 1093 345 1151 Iulium
369 1092 599 1168 Phr’lr'pprbnum.
642 1092 772 1151 Erasum
805 1101 853 1150 est
884 1093 914 1152 in
942 1109 1066 1152 eonon
1091 1093 1187 1151 solum
1212 1091 1441 1168 Philippianum,
1473 1095 1531 1151 sed

230 1203 324 1261 etiam
348 1201 470 1260 tultam.
509 1202 613 1276 Quare
629 1220 692 1260 non
712 1203 829 1272 dubito,
852 1203 926 1279 quIn
948 1203 1041 1261 etiam
1062 1219 1176 1261 nomen
1199 1201 1309 1260 lulium
1331 1221 1359 1263 a.
1383 1203 1425 1264 M.
1452 1203 1529 1261 Iulio

231 1310 372 1387 Philippo
395 1312 502 1368 datum
519 1311 566 1370 sit.
603 1311 733 1368 Possunt
748 1311 838 1386 Igitur
851 1311 945 1368 etiam
967 1311 1155 1369 colonIarum
1188 1310 1305 1368 illarum
1331 1311 1455 1368 nomina
1490 1311 1529 1368 ab

233 1437 273 1478 eo
295 1420 441 1495 originem
463 1421 600 1478 traxisse.
639 1419 779 1492 Quocum
802 1421 917 1496 optime
940 1421 1084 1478 convenit
1105 1421 1190 1495 quod
1210 1420 1315 1477 titulus
1329 1439 1358 1480 n.
1374 1423 1435 1480 968
1458 1421 1530 1477 anni

233 1540 282 1587 est
300 1547 330 1604 p.
353 1527 386 1590 C.
411 1524 515 1606 atala,
537 1548 566 1587 n.
584 1529 646 1589 980
668 1529 809 1586 eiusdem
831 1528 895 1586 fere
917 1537 966 1586 est
988 1529 1102 1587 saeculi
1115 1527 1158 1604 (n.
1174 1530 1254 1588 1206
1270 1529 1395 1604 quando
1417 1529 1529 1588 Incisus

234 1639 272 1695 sit
287 1631 415 1716 nescio).
460 1639 594 1714 Reliquit
613 1637 768 1715 Philippus
790 1638 820 1696 in
836 1638 938 1698 Africa
961 1639 1043 1697 haud
1064 1655 1158 1714 parva
1181 1637 1299 1712 Imperii
1322 1639 1369 1695 sui
1392 1638 1529 1713 vestigia.

233 1746 350 1806 Miliarii
373 1748 483 1822 aliique
506 1747 584 1806 tituli
612 1765 725 1806 nomen
751 1748 814 1806 eius
837 1747 937 1807 ferunt
964 1766 1027 1806 non
1049 1743 1166 1824 paucit.
1210 1747 1288 1804 Illud
1311 1765 1435 1823 quoque
1457 1747 1529 1805 atie-

233 1857 362 1915 rendum
394 1857 513 1915 videtur
546 1857 632 1934 quod
663 1859 830 1915 secundum
861 1858 968 1916 Iulium
1002 1857 1207 1933 Capitolinum
1240 1852 1403 1934 (GordIani
1428 1859 1476 1930 30,
1498 1853 1530 1934 8)

234 1963 390 2040 Philippus
416 1963 629 2023 Africanorum
659 1974 692 2021 et
724 1963 865 2042 Syrorum
886 1967 1078 2042 potissimum
1109 1966 1141 2022 in
1171 1963 1360 2024 Gordianum
1395 1983 1530 2026 amorem

232 2075 368 2135 timebat.
412 2073 552 2146 Quorum
571 2074 690 2131 animos
708 2082 741 2131 ut
763 2074 820 2132 sibi
842 2075 1019 2134 conciliaret
1035 2074 1190 2150 privilegia
1212 2084 1244 2132 et
1269 2075 1373 2133 titulos
1395 2076 1530 2134 donasse

232 2184 359 2245 videtur.

334 2291 425 2350 Obici
439 2295 542 2367 potest
558 2291 752 2369 explicationi
767 2311 856 2352 meae
878 2293 963 2370 quod
984 2293 1015 2350 in
1030 2293 1124 2352 titulis
1148 2292 1343 2354 Curubitanis
1364 2291 1430 2352 CIL
1454 2293 1529 2353 VIII

233 2419 263 2462 n.
276 2403 335 2462 977
353 2420 380 2462 a.
392 2420 419 2462 a.
438 2399 472 2461 C.
485 2403 522 2461 45
546 2411 579 2460 et
593 2421 623 2462 n.
640 2403 701 2463 978
717 2421 744 2463 a.
760 2421 788 2462 a.
801 2400 836 2461 C.
849 2405 888 2462 20
905 2403 1097 2462 inveniuntur
1113 2404 1230 2464 duoviri
1247 2413 1280 2462 et
1295 2405 1378 2480 quod
1394 2403 1528 2480 Clupeae

234 2511 325 2568 etiam
347 2510 486 2568 novimus
508 2512 668 2570 duovirum
690 2513 828 2571 eiusdem
850 2512 912 2572 fere
935 2515 1080 2588 temporis
1101 2511 1182 2585 (CIL
1205 2513 1233 2570 X
1260 2533 1287 2574 n.
1311 2511 1417 2589 6104).
1466 2512 1529 2571 Sed

234 2637 296 2677 non
319 2628 368 2678 est
390 2638 441 2679 cur
462 2620 521 2679 hoe
543 2631 679 2699 tempore
713 2622 744 2680 in
775 2622 896 2698 oppidis
925 2621 1045 2680 Africae
1079 2623 1180 2681 liberIs
1212 2623 1406 2698 magistratus
1439 2621 1528 2680 huius

232 2730 362 2787 nominis
383 2747 447 2788 non
469 2729 561 2790 fuisse
583 2730 800 2800 existimemus,
827 2732 990 2808 praecipue
1011 2749 1080 2790 cum
1102 2741 1231 2807 utraque
1263 2733 1333 2790 urbs
1367 2731 1440 2789 mari
1473 2733 1528 2788 ad·

231 2840 332 2914 posita
355 2839 633 2916 frequentissimum
656 2849 740 2899 certe
767 2858 836 2898 cum
859 2840 1005 2900 Romanis
1032 2841 1168 2899 habebat
1200 2840 1423 2902 commercium.
1468 2841 1529 2898 De·

232 2949 407 3008 curionibus
431 2950 546 3009 deiude
569 2951 662 3008 etiam
684 2951 859 3026 peregrinas
883 2951 972 3009 urbes
994 2967 1066 3008 usas
1094 2967 1162 3010 esse
1190 2951 1407 3027 comprobatur
1436 2950 1530 3008 titulis

234 3055 300 3115 CIL
323 3057 397 3116 VIII
428 3078 457 3118 n.
481 3062 550 3119 797.
580 3061 650 3120 765.
708 3059 849 3138 Denique
885 3060 917 3118 in
946 3067 1076 3135 utroque
1108 3061 1195 3118 titulo
1229 3059 1417 3119 Curubitano
1450 3060 1530 3117 inest

235 3167 389 3241 quaedam
409 3184 467 3236 res,
489 3185 570 3242 quae
592 3171 623 3227 in
644 3169 771 3228 coloniis
794 3169 941 3228 Romanis
975 3177 1058 3227 certe
1093 3179 1141 3228 est
1171 3171 1320 3229 inaudita.
1364 3168 1437 3226 Non
1459 3170 1531 3226 dico

233 3276 430 3350 magistratus
450 3277 565 3334 ordinis
587 3278 723 3349 libertini,
746 3295 824 3356 quos
847 3279 939 3336 allato
963 3278 1038 3354 legis
1060 3278 1157 3338 Iuliae
1172 3279 1341 3338 Genetivae
1365 3279 1434 3335 loco
1455 3269 1530 3354 quo·

233 3386 307 3444 dam
329 3382 398 3462 (CV
413 3389 442 3455 5,
465 3383 602 3463 20-23)
616 3387 825 3447 Mommsenus
849 3389 940 3446 etiam
962 3389 993 3446 in
1009 3388 1138 3446 colonIIs
1150 3387 1276 3446 inveniri
1288 3403 1382 3463 posse
1396 3388 1532 3444 ostendit

233 3487 316 3572 (eph.
341 3494 436 3572 epigr.
463 3511 492 3572 p.
519 3497 576 3555 132
599 3513 644 3571 sq.
678 3495 803 3555 Staatsr.
826 3495 868 3554 111
893 3501 904 3554 l
930 3515 959 3572 p.
981 3492 1068 3574 452),
1101 3497 1159 3554 sed
1179 3497 1265 3572 quod
1285 3495 1395 3571 singuli
1421 3495 1530 3554 inillis

233 3604 326 3664 titulis
348 3605 539 3680 reperiuntur
561 3605 679 3663 duoviri
701 3604 753 3663 ubi
775 3613 936 3681 utrumque
958 3605 1107 3664 nominari
1138 3621 1194 3680 par
1223 3605 1278 3664 fuit
1311 3599 1361 3680 (cl.
1393 3605 1424 3662 in
1455 3605 1529 3667 CIL.

232 3713 275 3770 ad
294 3712 398 3771 titulos
420 3713 487 3772 illos
512 3709 682 3791 adnotata).

333 3822 442 3882 Restat
463 3831 497 3882 ut
520 3823 732 3882 laterculorum
758 3824 967 3899 Augustorum
990 3832 1111 3899 tempus
1134 3823 1287 3884 deliniam.
1330 3823 1439 3901 ScrIpti
1459 3831 1530 3882 sunt

232 3939 305 4006 post
325 3949 354 3990 a.
371 3932 409 3991 36
432 3939 556 4008 propter
571 3931 693 3991 Uticam
709 3925 818 4009 (supra
837 3949 867 4007 p.
880 3929 946 4008 42),
972 3940 1044 4007 post
1065 3949 1092 3993 a.
1116 3934 1166 4001 25,
1190 3931 1262 4008 quia
1277 3933 1309 3991 ln
1326 3934 1371 3990 eis
1385 3932 1530 3992 Numidia

234 4057 304 4098 cum
328 4039 433 4099 Africa
463 4049 511 4099 est
544 4040 710 4098 coniuncta
743 4036 794 4112 (cs.
817 4039 998 4116 Marquardt
1019 4041 1308 4118 Staatsverwaltung
1337 4037 1370 4098 Ι2
1400 4059 1430 4117 p.
1446 4041 1530 4115 466),

234 4157 307 4208 ante
330 4147 488 4208 Tiberium
509 4157 634 4226 propter
655 4149 833 4225 Hipponem
855 4144 960 4227 (supra
984 4168 1013 4225 p.
1033 4145 1095 4225 44).

333 4295 343 4333 1
361 4299 437 4348 Idem
457 4297 481 4347 si
501 4298 593 4348 factum
613 4312 672 4348 esse
690 4297 827 4348 statuimus
845 4313 901 4348 cum
920 4298 1037 4364 Neapoli
1056 4305 1082 4347 et
1100 4298 1209 4366 Curubi,
1228 4299 1255 4348 in
1273 4297 1359 4348 titulis
1379 4314 1404 4351 n.
1423 4296 1475 4350 968
1505 4303 1531 4346 et

233 4393 286 4448 980
304 4396 448 4460 putandum
467 4401 508 4444 est
526 4393 653 4444 excidisse
671 4409 769 4445 nomen
784 4393 849 4460 eius,
869 4395 914 4460 qui
933 4393 1061 4444 coloniam
1080 4394 1195 4445 deduxit.

332 4485 422 4541 Ξ(ΣΗ.
449 4491 517 4542 VIII
544 4505 569 4542 n.
590 4488 685 4542 10022.
715 4489 810 4542 10049.
840 4489 935 4544 10077.
964 4489 1059 4543 10078.
1082 4489 1177 4543 10120.
1202 4487 1530 4542 10139.10140.10216.

235 4583 331 4639 10241.
351 4585 446 4640 10299.
467 4585 561 4639 10317.
580 4584 641 4638 814.
660 4584 721 4638 815.
741 4585 819 4638 8323.
