3634 5242
930 326 971 388 te

409 507 473 568 Iam
496 527 514 566 e
536 509 689 568 laterculis
712 509 841 586 Augusti
862 511 936 587 ipsis
963 523 1143 587 argumenta
1170 533 1318 592 promam.
1362 517 1479 578 Extant
1506 520 1537 578 in
1566 522 1601 580 iis

309 619 427 676 numeri
443 619 575 694 capitum
586 617 754 694 Hispaniae
767 628 972 679 conventuum
985 622 1089 680 Asturi
1102 618 1252 683 Lucensis
1266 625 1438 706 Bracarum,
1454 631 1506 705 qui
1518 639 1602 690 certe

310 743 327 782 e
350 727 458 785 tabuiis
483 727 629 785 censoriis
653 728 765 803 sumpti
787 737 858 787 sunt
871 725 891 791 ¹.
935 724 1088 790 Videntur
1110 733 1202 792 etiarn
1223 733 1431 793 Delmatarum
1457 739 1602 800 decuriae

309 837 350 894 ad
372 853 496 894 censum
519 835 700 894 referendae
721 855 789 896 esse
811 835 838 914 (ἓ
865 841 921 899 142
945 839 1058 898 vr'rebus
1079 841 1226 916 discriptis
1251 844 1282 900 in
1303 839 1458 922 decurias).

408 945 550 1022 Denique
573 945 747 1005 afferendus
770 965 838 1006 esse
859 948 931 1006 mihi
955 949 1073 1008 videtur
1096 951 1182 1009 locus
1203 971 1233 1012 n.
1250 951 1279 1011 h.
1295 951 1390 1012 11137
1407 953 1600 1034 nde‘ecilfor-

308 1057 404 1116 mulae
432 1053 531 1114 Galba
561 1055 720 1130 e'neperalor
749 1073 790 1112 ex
818 1056 968 1132 Inalpbeis
988 1057 1145 1117 Avanteos
1176 1067 1261 1136 atque
1281 1059 1476 1124 Bodionticos.
1524 1063 1599 1123 For-

307 1166 389 1226 mula
415 1163 506 1240 igitur
537 1162 681 1222 dicuntur
707 1163 822 1222 indices
845 1165 988 1241 Augusti,
1021 1167 1073 1242 qui
1098 1167 1176 1226 haec
1203 1170 1296 1229 verba
1318 1172 1518 1246 praecedunt.
1562 1172 1599 1232 Id

308 1293 431 1353 quoque
453 1273 609 1332 censorius
632 1290 687 1332 eos
710 1291 781 1332 esse
803 1274 1004 1337 demonstrat.
1048 1274 1262 1336 Conferendus
1286 1287 1333 1336 est
1361 1281 1490 1356 primum
1518 1283 1599 1340 locus

308 1387 384 1461 legis
408 1385 502 1442 Iuliae
525 1383 717 1459 municipalis
740 1382 750 1450 l
755 1401 781 1444 v.
805 1385 863 1443 142
885 1377 973 1460 sqq),
1007 1401 1068 1459 quo
1090 1387 1322 1462 municipiorum
1343 1389 1518 1449 Italicorum
1540 1409 1602 1449 ma·

306 1495 449 1572 gistratus
472 1493 614 1552 iubentur
636 1509 764 1551 censum
786 1510 879 1567 agere
902 1494 1071 1571 civiumque
1094 1497 1218 1555 nomina
1241 1498 1383 1573 accipere
1405 1519 1445 1557 ex
1461 1499 1602 1579 formida

307 1622 415 1681 census,
449 1621 523 1678 quae
545 1601 656 1662 Romae
678 1601 714 1659 ab
738 1621 769 1659 eo
797 1604 930 1677 quitum
958 1623 1071 1663 censum
1092 1607 1201 1681 populi
1223 1614 1345 1666 aelurus
1371 1612 1430 1666 eril
1449 1611 1603 1683 proposita

308 1715 374 1787 erit,
407 1712 522 1770 deiude
543 1711 620 1770 Livii
641 1706 706 1790 (29,
730 1708 780 1786 15)
802 1730 971 1787 censumque
998 1715 1029 1770 in
1060 1716 1098 1771 iis
1120 1717 1242 1772 colomis
1263 1719 1320 1792 agi
1343 1735 1383 1774 ex
1400 1714 1543 1793 formula
1565 1717 1602 1777 ab

308 1821 451 1879 Romanis
472 1817 636 1877 censoribus
656 1817 758 1878 datust.
810 1817 903 1877 Certe
924 1838 987 1877 non
1010 1821 1030 1878 ii
1053 1838 1130 1896 quos
1154 1829 1295 1879 tenemus
1317 1825 1453 1883 laterculi
1476 1827 1601 1902 singulis

307 1931 429 2006 oppidis
457 1928 542 1988 missi
569 1936 649 1995 sunt,
684 1928 741 1984 sed
770 1935 874 1986 tamen
901 1936 1021 2003 partem
1045 1946 1100 1986 eos
1125 1937 1202 2004 puto
1224 1929 1370 1988 formulae
1392 1941 1423 1990 et
1445 1943 1602 2008 tamquam

307 2041 403 2098 totius
427 2055 537 2096 census
562 2054 721 2098 summam.
765 2035 845 2094 Nam
868 2038 904 2096 iis
928 2038 1065 2096 adiectos
1089 2039 1181 2097 fuisse
1211 2047 1294 2098 certe
1323 2057 1468 2098 numeros
1495 2057 1601 2100 eorum

309 2151 361 2226 qui
384 2148 522 2224 singulos
542 2147 724 2206 habitabant
747 2155 918 2206 conventus
940 2147 1087 2225 exemplis
1110 2165 1200 2225 supra
1222 2149 1321 2208 allatis
1344 2158 1481 2226 apparet.

408 2258 473 2318 Iam
495 2257 653 2315 censorius
677 2271 746 2313 esse
767 2256 930 2314 laterculos
953 2256 1109 2330 Augustos
1132 2257 1361 2315 demonstrasse
1388 2256 1462 2316 mihi
1487 2259 1600 2320 videor.

307 2371 409 2444 Atque
431 2367 538 2426 Italiae
561 2365 687 2442 quidem
710 2365 873 2440 descriptio
897 2365 1027 2424 sortasse
1049 2383 1076 2426 a.
1100 2383 1128 2425 a.
1153 2363 1222 2427 C.8
1245 2365 1416 2442 composita
1436 2376 1494 2429 est.
1538 2367 1603 2427 Ha·

308 2478 374 2536 buit
394 2477 475 2534 enim
498 2476 656 2550 Augustus
678 2473 738 2532 hoc
761 2490 843 2533 anno
866 2491 1001 2551 censum,
1034 2475 1075 2531 de
1098 2491 1159 2550 quo
1183 2475 1249 2550 ipse
1272 2475 1346 2532 dicit
1366 2475 1397 2532 in
1419 2493 1501 2536 mon.
1516 2478 1601 2538 «nne.

308 2603 334 2646 c.
356 2587 375 2644 8
398 2575 541 2662 [Ileru]m
564 2582 720 2640 consulari
738 2601 799 2640 cum
827 2583 945 2656 irnperio
971 2583 1097 2640 lustrum
1120 2573 1220 2664 [s]0lus
1236 2579 1307 2659 feci
1330 2582 1358 2646 C.
1385 2575 1554 2668 censorinp
1577 2593 1604 2644 el

313 2683 355 2774 0]
378 2691 478 2750 Annio
501 2711 560 2754 cos.
583 2702 642 2751 cet.
696 2692 921 2751 Provinciarum
952 2710 1076 2769 quoque
1107 2693 1225 2750 indices
1258 2694 1399 2751 eiusdem
1432 2693 1497 2751 fere
1529 2695 1600 2752 anni

309 2812 422 2862 statum
445 2804 611 2860 ostendere
633 2803 781 2864 existimo
826 2803 923 2860 Recte
946 2804 1069 2878 quidem
1085 2797 1317 2859 Mommsenus8
1339 2817 1494 2876 nunquam
1516 2817 1598 2858 com·

308 2929 430 2971 munem
452 2912 570 2986 imperii
587 2913 718 2971 Romani
742 2928 867 2971 censum
889 2921 1000 2984 actum,
1024 2921 1106 2970 recte
1130 2905 1292 2984 Ungerus⁴
1314 2925 1354 2965 ne
1375 2908 1600 2983 provinciarum

309 3023 433 3098 quidem
457 3037 566 3078 census
593 3036 700 3077 omnes
730 3038 792 3078 uno
820 3029 960 3095 tempore
987 3019 1084 3076 factos
1114 3018 1316 3096 contendunt,
1349 3017 1405 3076 sed
1437 3017 1603 3076 civitatium

307 3130 425 3206 imperii
446 3130 565 3188 indices
587 3145 649 3186 uno
672 3137 811 3205 tempore
833 3127 992 3186 confectos
1015 3135 1098 3184 certe
1122 3126 1265 3202 colligere
1285 3128 1386 3204 potuit
1409 3127 1582 3204 imperator.

408 3240 519 3298 Restat
541 3247 575 3296 ut
597 3255 751 3314 exponam
773 3237 930 3314 quomodo
953 3237 1082 3311 Augusti
1108 3236 1223 3295 indices
1250 3237 1281 3296 in
1304 3237 1392 3295 Plinii
1420 3254 1528 3294 manus
1551 3255 1603 3294 ve·

308 3352 390 3408 nisse
412 3349 582 3426 putandum
605 3347 652 3410 sit.
697 3347 834 3406 Sedere
857 3347 965 3418 brevis,
1000 3365 1072 3406 nam
1094 3348 1135 3405 de
1158 3346 1216 3406 hac
1240 3347 1353 3405 renisi
1380 3346 1601 3420 provinciarum

308 3469 477 3518 ceterarum
511 3457 765 3534 descriptionibus
805 3455 948 3516 Plinianis
982 3458 1163 3516 examinatis
1193 3457 1318 3533 plenum
1348 3457 1491 3514 iudicium
1524 3451 1603 3507 ferre

307 3586 369 3628 non
391 3586 562 3645 possumus
622 3569 725 3644 Atque
762 3585 798 3626 ea
834 3568 958 3642 quidem
991 3585 1072 3643 quae
1104 3567 1234 3625 afferunt
1270 3567 1311 3624 de
1345 3580 1454 3622 census
1483 3560 1602 3635 Vespa·

284 3653 384 3737 ⁸siani
403 3677 563 3737 macrobiis
580 3676 693 3734 Plinius
716 3685 808 3752 atque
827 3675 965 3753 Phlegon
987 3695 1026 3734 ex
1048 3677 1124 3734 actis
1146 3694 1175 3752 p.
1189 3676 1226 3736 R.
1242 3675 1417 3734 hauserunt.
1462 3668 1602 3727 Comme·

306 3797 464 3846 morantur
492 3787 575 3844 enim
606 3795 674 3844 acta
705 3785 785 3846 nh.
809 3785 868 3843 VII
898 3787 964 3845 libri
993 3795 1152 3844 auctorum
1182 3786 1284 3842 indice
1313 3791 1344 3839 et
1373 3780 1525 3838 eiusmodi
1553 3795 1601 3836 res

307 3900 380 3956 actis
412 3897 520 3973 publici
560 3897 630 3954 iuris
662 3911 730 3954 esse
758 3897 858 3956 iactas
884 3897 952 3954 loco
978 3914 1006 3956 n.
1028 3895 1058 3955 h.
1082 3893 1141 3952 VII
1165 3895 1205 3954 60
1232 3895 1460 3949 demonstratur
1469 3885 1491 3948 ὖ.
1540 3888 1603 3946 Sed

405 4087 417 4126 ¹
434 4091 477 4140 III
495 4087 538 4142 28.
557 4104 635 4154 supra
653 4104 678 4154 p.
700 4087 741 4140 10.
772 4087 908 4137 Consentit
926 4100 1025 4136 mecum
1040 4087 1132 4149 Unger
1144 4084 1188 4133 De
1200 4084 1324 4133 censibus
1335 4084 1542 4147 prouinciarum
1552 4079 1603 4127 Ro-

306 4204 460 4238 manarum.
500 4185 635 4252 Leipziger
654 4184 763 4234 Studien
781 4183 811 4232 X
831 4182 899 4236 1887
918 4198 944 4249 p.
964 4181 997 4234 u'l
1018 4181 1077 4234 adu.
1097 4181 1122 4233 6.

405 4281 466 4335 2cf.
486 4285 635 4333 Mommsen
654 4279 762 4332 Staatsr.
782 4275 827 4328 ΙΙΒ
844 4296 869 4345 p.
888 4278 940 4332 359
959 4294 998 4346 sq.

406 4378 417 4414 ³
436 4381 544 4432 Staatsr.
565 4373 612 4427 112
629 4392 655 4444 p.
674 4375 727 4428 408
746 4391 804 4442 sqq.
956 4373 968 4408 ⁴
986 4375 1005 4428 1.
1024 4375 1042 4428 l.
1061 4390 1086 4440 p.
1106 4373 1140 4425 69
1160 4389 1218 4440 sqq.

406 4475 550 4528 ⁶Accedit
568 4475 640 4540 quod
659 4480 685 4523 et
704 4479 821 4523 notorum
841 4472 869 4522 in
887 4471 973 4521 indice
999 4473 1055 4522 eius
1082 4470 1145 4522 libri
1174 4468 1386 4521 commemoratio
1413 4469 1481 4532 (nam
1509 4465 1603 4516 ultimo

306 4591 390 4642 paene
407 4575 466 4625 loco
488 4577 620 4641 apparent)
640 4579 666 4624 et
685 4573 719 4622 de
738 4587 819 4623 censu
838 4571 994 4637 Vespasiani
1021 4570 1111 4636 verba,
1139 4583 1196 4619 cum
1219 4567 1268 4620 lib.
1289 4565 1344 4616 VH
1372 4563 1407 4614 de
1434 4563 1534 4630 reliquo
1550 4561 1604 4612 iam

307 4681 378 4722 esset
395 4673 535 4730 coniectus,
564 4672 654 4720 addita
681 4670 804 4720 videntur
821 4683 888 4721 esse.
923 4669 992 4718 Num
1011 4667 1115 4732 scripsit
1132 4665 1234 4716 Plinius
1253 4663 1299 4716 lib.
1318 4663 1368 4714 1v.
1387 4677 1410 4712 a.
1430 4661 1483 4710 iere
1505 4658 1540 4712 73
1562 4657 1603 4721 (ci.
1625 4645 1629 4654 ’
