3634 5242
887 328 927 387 24

256 519 309 592 qui
326 536 416 594 agros
439 516 572 574 tenebant
593 535 656 574 cum
679 522 817 574 uetustate
836 515 1027 590 possessionis
1048 520 1109 570 tum
1138 532 1167 571 eo
1193 513 1273 588 quod
1296 513 1459 588 Augustum
1480 522 1551 588 pro·
1570 499 1586 530 ⁶

256 626 364 684 habant
386 629 498 684 colonos
522 627 682 683 Firmanus
703 625 850 682 hortatum
874 642 940 691 esse,
963 628 997 678 ut
1016 619 1160 678 substituo
1180 621 1239 676 'illa
1266 638 1321 676 sua
1350 622 1409 678 eom
1438 624 1551 696 pertica

254 738 355 793 alieno
378 736 573 810 comprehensa
594 735 691 792 statim
711 734 873 801 uenderent,
896 733 931 787 id
948 732 1029 805 quod
1045 749 1091 786 eos
1102 726 1213 805 secisse
1227 735 1300 785 certe
1308 728 1464 802 probabile
1479 738 1551 792 erat.

259 846 410 916 Quarlom'
431 846 525 920 igilur
547 845 644 902 coloni
661 849 731 900 sunt
750 861 808 899 non
832 841 1026 909 Falerienses‚
1049 840 1100 896 sed
1120 833 1289 897 Fi'rmonr'l.
1338 838 1428 912 Quae
1460 841 1552 897 inter-

254 955 385 1030 pretatio
408 955 475 1029 ipsa
497 955 622 1030 quidem
643 952 807 1029 probabilis
831 959 864 1008 ut
886 968 955 1008 cum
972 948 1079 1018 Plinio,
1103 947 1155 1024 qui
1168 947 1358 1006 Falerienses
1373 948 1451 1006 inter
1466 951 1551 1025 oppi-

255 1064 354 1121 danos
377 1063 513 1121 nominat
536 1059 566 1138 (ᾗ
590 1059 673 1137 110),
695 1061 881 1132 conveniret,
906 1059 1103 1118 statuendum
1125 1067 1209 1116 esset
1225 1057 1415 1116 Falerionem
1441 1058 1551 1116 ultimis

254 1171 383 1248 Augusti
405 1172 492 1230 annis
515 1172 668 1230 coloniam
690 1189 758 1229 esse
786 1165 925 1228 lactant
980 1167 1042 1225 Sed
1075 1167 1200 1226 obstant
1232 1167 1429 1242 quattuorviri
1463 1167 1551 1226 Fale-

255 1280 371 1338 rienses
408 1282 484 1339 tituli
517 1282 656 1340 coloniae
691 1280 790 1338 minus
830 1280 903 1354 apti,
941 1295 1017 1353 quos
1051 1295 1115 1336 non
1148 1286 1182 1334 ut
1203 1273 1436 1336 Mommsenust
1472 1278 1549 1334 duo-

253 1391 321 1447 viris
353 1399 384 1448 et
416 1390 565 1448 aedilibus
597 1389 766 1448 coniunctis
798 1396 883 1445 ortos
917 1387 1019 1444 credo.
1072 1384 1203 1444 Videtur
1224 1385 1305 1458 mihi,
1339 1394 1374 1444 ut
1401 1385 1551 1442 rationem

253 1498 472 1573 interpretandi
495 1499 591 1556 Plinio
613 1515 736 1574 quoque
759 1497 855 1573 magis
888 1494 1125 1554 convenientem
1158 1493 1330 1570 adhibeam,
1367 1495 1400 1552 lis
1432 1495 1482 1552 illa
1511 1496 1552 1552 de

254 1608 412 1666 subsicivis
438 1609 626 1665 deductione
650 1615 869 1684 quartanorum
887 1605 1020 1662 Firmum
1034 1613 1102 1662 orta
1118 1621 1194 1662 esse.
1237 1603 1324 1676 Nam,
1348 1621 1416 1662 cum
1431 1613 1552 1679 praeter

252 1717 404 1774 rationem
425 1716 575 1774 subsiciva
600 1716 754 1773 reddendi
775 1716 826 1784 iis,
860 1733 898 1770 ex
930 1731 1060 1789 quorum
1090 1713 1237 1770 territorio
1271 1714 1335 1788 agri
1368 1713 1552 1789 adsignandi

254 1827 367 1900 sumpti
389 1834 486 1894 erant,
509 1827 601 1883 etiam
624 1843 661 1882 ea
682 1827 713 1882 in
736 1843 792 1882 usu
824 1834 907 1882 essct
929 1823 1081 1882 subsiciva
1105 1822 1201 1880 dandi
1229 1823 1346 1880 colonis
1379 1820 1550 1904 deductis4,

253 1936 404 1992 subsiciva
428 1935 521 2010 partis
547 1935 708 1992 cuiusdam
741 1933 879 1990 territorii
904 1931 1070 1992 Falerionis
1104 1931 1259 2006 quartanis
1289 1932 1451 1990 commissa
1483 1951 1552 1990 esse

252 2052 390 2120 possunt.
425 2043 514 2115 Quae
538 2061 615 2115 cum,
639 2045 781 2117 Augusto
802 2041 905 2114 invito,
929 2059 993 2100 non
1008 2041 1230 2108 vendidissent,
1253 2041 1309 2098 sed
1326 2041 1550 2098 Faleriensibus

254 2154 480 2228 possessionem
502 2171 607 2213 eorum
629 2154 862 2226 concessissent,
887 2152 921 2209 lis
944 2152 995 2209 illa
1018 2160 1085 2210 orta
1116 2157 1173 2211 est.
1223 2149 1328 2223 Quare
1360 2150 1551 2210 Falerionem

255 2281 294 2320 ex
315 2264 503 2322 coloniarum
525 2265 729 2340 Augustarum
751 2280 878 2321 numero
901 2263 1010 2322 eximo.

355 2371 444 2431 Obici
467 2381 571 2447 potest
592 2373 741 2430 laterculis
765 2371 911 2446 Augustis
944 2372 1028 2447 quod
1056 2371 1191 2429 Falerios
1214 2370 1413 2429 Etruscorum
1446 2372 1552 2447 appel·

254 2483 320 2539 lant
342 2482 502 2551 coloniam,
537 2500 606 2541 cum
626 2484 657 2540 in
680 2484 781 2540 bonae
805 2483 915 2540 aetatis
948 2481 1041 2539 titulis
1077 2481 1272 2539 nominentur
1303 2481 1497 2558 municipium
1521 2491 1553 2540 et

256 2591 387 2649 Gallieni
410 2593 534 2650 demum
555 2602 693 2668 tempore
714 2589 863 2652 colontat.
908 2590 987 2649 Nolo
1019 2609 1079 2666 ego
1109 2609 1241 2667 quoque,
1276 2599 1401 2650 secutus
1422 2591 1550 2648 Momm·

255 2697 399 2770 senum⁶‚
423 2720 492 2760 cum
515 2698 681 2760 Belochio⁷
714 2701 909 2762 eStrabonis
933 2701 1002 2758 loco
1025 2699 1108 2774 Vp.
1132 2702 1191 2760 226
1227 2701 1369 2775 colligere
1399 2700 1551 2774 duplicem

253 2813 359 2870 urbem
388 2811 480 2870 fuisse
502 2811 644 2886 Falerios,
677 2829 750 2868 nam
784 2813 873 2869 deest
904 2811 986 2886 apud
1020 2808 1149 2866 Plinium
1181 2799 1334 2883 municipii
1365 2807 1550 2865 Faleriorum

253 2919 377 2991 mentm,
399 2921 454 2978 sed
477 2928 552 2996 puto
573 2932 626 2978 eas
648 2919 760 2977 ultimis
783 2920 915 2994 Augusti
936 2919 1024 2977 annis
1047 2913 1129 2993 (CIL
1144 2917 1189 2975 XI
1210 2912 1352 2994 113083)
1376 2935 1414 2973 ex
1429 2916 1551 2974 colonia

253 3029 446 3105 municipium
469 3046 537 3088 esse
560 3025 676 3088 lactas⁸
698 3037 730 3086 et
752 3029 841 3088 tertio
864 3028 988 3086 saeculo
1011 3045 1112 3085 rursus
1133 3027 1294 3086 coloniam.
1338 3027 1485 3085 Coloniae
1506 3027 1552 3084 ius

255 3136 391 3196 amisisse
415 3138 487 3196 mihi
510 3138 630 3195 videtur
652 3138 744 3196 etiam
766 3137 918 3212 Aquileia,
940 3154 1020 3213 quae
1042 3137 1073 3194 in
1101 3137 1195 3194 titulis
1228 3136 1350 3194 duobus
1382 3137 1552 3212 appellatur

255 3243 477 3324 municipiumt.
527 3247 722 3322 Quamquam
744 3241 1002 3306 Hirschleldius1⁰
1023 3265 1078 3304 eos
1099 3246 1228 3304 Vitruvii
1251 3246 1315 3304 fere
1339 3255 1477 3322 tempore
1513 3244 1551 3321 (a.

234 3375 283 3417 a.
306 3355 340 3414 C.
365 3355 417 3432 14)
440 3358 552 3415 incisos
576 3375 646 3414 esse
667 3366 764 3433 putat,
788 3375 850 3433 quo
872 3358 1003 3432 probato
1023 3356 1198 3432 Aquileiam
1214 3356 1381 3416 Pannonici
1404 3356 1552 3415 terebelli

254 3473 392 3541 tempore
415 3467 568 3524 coloniam
591 3465 705 3524 factam
727 3483 795 3524 esse
818 3466 1013 3526 existimabis.

353 3575 418 3634 Iam
438 3577 568 3634 vidimus
594 3577 625 3634 in
656 3576 807 3634 indicibus
830 3576 975 3650 Augustis
1010 3577 1095 3651 apud
1117 3575 1245 3633 Plinium
1279 3575 1393 3650 optime
1426 3575 1552 3633 servatis

254 3686 351 3744 nullas
384 3685 520 3744 colonias
550 3685 723 3744 nominatas
757 3685 850 3742 fuisse
882 3685 939 3744 nisi
972 3685 1011 3742 ab
1033 3685 1174 3759 Augusto
1205 3684 1278 3742 inde
1310 3703 1329 3742 a
1350 3701 1453 3760 pugna
1483 3683 1551 3741 Phi·

254 3795 383 3870 lippensi
408 3795 568 3853 deductas.
624 3793 719 3867 Quod
751 3794 803 3853 ubi
837 3795 981 3868 cognovit
1015 3794 1234 3868 Mommsenus,
1262 3796 1434 3868 Augustum
1467 3793 1551 3851 Plinii

354 3999 468 4053 ¹Etiam
487 4001 607 4052 Rudorff
629 3999 699 4066 (inst.
720 4017 802 4064 grom.
828 4018 853 4068 p.
874 3999 926 4054 456
946 4000 995 4067 sq.)
1021 4001 1187 4052 Falerionem
1218 4001 1347 4052 coloniam
1375 4003 1408 4052 ab
1429 4005 1550 4066 Augusto

255 4101 391 4151 deductam
411 4116 469 4150 esse
490 4104 572 4165 putat,
594 4099 642 4148 sed
663 4105 804 4163 quartarios
823 4098 954 4148 existimat
971 4113 1029 4148 esse
1048 4098 1224 4149 Falerieuses.
1262 4099 1366 4162 Quibus
1394 4114 1451 4148 cum
1469 4098 1551 4148 dedu-

253 4204 373 4248 cerentur
392 4196 523 4247 subsiciva
541 4211 665 4246 concessa
684 4211 751 4245 esse.
789 4196 868 4259 Quod
886 4194 966 4244 indici
984 4196 1106 4257 Augusto
1125 4194 1232 4244 omnino
1250 4195 1406 4244 'contrarium
1426 4204 1474 4246 est.

352 4289 414 4345 2cs.
433 4305 460 4359 pt
479 4291 521 4344 23.
541 4291 574 4346 27
586 4308 624 4356 sq.
726 4285 738 4324 ³
754 4290 814 4340 CIL
832 4292 876 4340 IX
895 4306 920 4356 p.
936 4288 995 4342 517.
1105 4284 1254 4339 ⁴Rud0rff
1268 4290 1329 4341 inst.
1350 4305 1433 4353 grom.
1453 4307 1478 4358 p.
1490 4291 1550 4344 392.

352 4387 364 4424 ὓ
382 4389 441 4440 CIL
460 4391 504 4438 XI
522 4406 548 4441 n.
567 4388 645 4442 3083.
665 4387 743 4440 3103.
764 4386 842 4439 3112.
858 4385 936 4451 3125,
956 4385 1034 4440 3089.
1053 4385 1132 4440 3091.
1151 4385 1229 4439 3092.
1249 4385 1328 4439 3093.
1349 4385 1428 4440 3094.

353 4482 499 4536 ⁶Hermae
517 4485 571 4537 vol.
589 4485 689 4535 XVHI
707 4500 732 4550 p.
753 4483 813 4536 176.
915 4478 960 4536 ⁷1.
978 4482 996 4535 t
1014 4500 1040 4550 p.
1061 4483 1103 4537 11.
1203 4478 1265 4536 ⁸ci.
1284 4499 1363 4550 supra
1381 4500 1407 4550 p.
1429 4483 1462 4538 15
1480 4500 1519 4551 sq.

354 4579 366 4616 ⁹
385 4583 444 4632 CIL
462 4583 488 4632 V
506 4597 531 4634 u.
542 4579 602 4634 903.
622 4580 682 4632 968.

355 4674 378 4713 ¹⁰
398 4680 538 4728 Gallisclte
556 4679 671 4728 Studien
691 4678 819 4742 (Berichte
839 4677 886 4726 der
898 4677 1010 4728 Wiener
1028 4677 1110 4728 Acad.
1140 4675 1218 4739 1883)
1236 4691 1261 4742 p.
1281 4673 1342 4729 322.
