3634 5242
880 351 920 418 47

848 473 863 502 Ι

791 544 933 602 Bononia
1067 559 1145 601 unus

792 655 922 714 Brixello
1070 669 1149 711 unus

790 765 872 822 Foro
894 763 1016 822 Corneli
1069 780 1148 820 unus

791 872 901 932 Parma
1068 872 1132 930 duo

793 981 950 1042 Placentia
1071 998 1150 1040 unus

791 1093 940 1150 Ravenna
1070 1108 1148 1148 unus

791 1201 910 1260 Velleia
1071 1216 1149 1257 uuus

599 1311 709 1370 Publii:
788 1311 870 1368 Foro
884 1304 1053 1388 Popili1(?)
1070 1325 1148 1366 unus

791 1415 912 1495 Regio²
931 1412 970 1496 (l)
1071 1435 1149 1476 unus

793 1527 929 1586 Arimino
1073 1543 1151 1584 unus

792 1637 911 1696 Velleia
1073 1654 1151 1694 unus

793 1746 949 1806 Placentia
969 1761 973 1770 ’
1071 1754 1134 1804 tres

789 1857 932 1915 Bononia
1068 1871 1147 1912 unus

793 1965 902 2024 Parma
1072 1981 1150 2022 unus

795 2074 903 2132 Parma
1074 2090 1152 2130 unus

792 2185 892 2258 Regio
1071 2199 1149 2240 unus

792 2291 934 2349 Bononia
1070 2309 1149 2349 unus

792 2400 950 2458 Placentia
1071 2419 1150 2460 unus

794 2511 934 2568 Bononia
1072 2528 1150 2568 unns

793 2618 947 2677 Placentia
1069 2637 1149 2678 unus

792 2728 891 2802 Regio
1070 2746 1149 2786 unus

793 2837 933 2896 Bononia
1071 2857 1149 2898 unus

792 2948 935 3005 Fidentia
1070 2966 1149 3006 unus

601 3057 721 3130 Quinti:
790 3057 889 3134 Regio
1071 3059 1135 3117 duo

793 3165 913 3224 Velleia
1071 3185 1158 3228 unus

351 3277 595 3352 Inspicientibus,
621 3277 778 3352 quomodo
795 3277 827 3334 in
847 3275 893 3334 his
914 3276 1066 3334 laterculis
1091 3279 1261 3336 secundum
1276 3278 1474 3352 praenomina
1490 3276 1550 3334 ior·

253 3387 343 3445 matis
365 3387 456 3444 urbes
481 3387 541 3444 sint
563 3386 739 3461 dispositae,
770 3403 823 3444 eas
857 3385 1050 3461 alphabetico
1072 3385 1163 3444 fuisse
1185 3386 1342 3444 ordinatas
1364 3388 1478 3444 clarum
1505 3387 1546 3448 lit.

252 3494 452 3554 Perturbatus
474 3496 599 3574 quidem
619 3503 668 3554 est
689 3495 740 3554 hic
762 3496 840 3553 ordo
862 3495 986 3552 omnino
1020 3494 1052 3552 in
1083 3495 1234 3553 indicibus
1258 3495 1441 3572 Publiorum,
1471 3496 1552 3554 Mar-

242 3623 367 3676 cornm,
406 3605 558 3680 Titorum‚
591 3606 623 3664 in
659 3605 769 3682 quibus
801 3623 841 3664 ne
874 3605 1014 3662 eiusdem
1047 3604 1171 3678 quidem
1205 3605 1310 3680 oppidi
1337 3605 1391 3664 viri
1411 3623 1551 3664 mansere

254 3713 416 3775 coniuncti.
462 3714 626 3772 Luciorum
659 3715 793 3774 indicem
815 3714 859 3770 ita
881 3713 1021 3770 videmus
1043 3729 1112 3771 esse
1134 3721 1293 3783 mutatum,
1327 3722 1361 3770 ut
1383 3713 1552 3774 Placentini

251 3821 311 3880 sint
344 3825 520 3899 antepositi,
555 3824 689 3900 reliquae
723 3831 785 3882 tres
819 3822 910 3880 urbes
943 3822 1082 3880 ordinem
1116 3823 1286 3882 ostendunt
1315 3822 1551 3899 alphabeticum.

252 3931 314 4004 Qui
346 3940 430 3990 totus
463 3941 601 3992 servatus
636 3942 685 3991 est
718 3933 749 3990 in
785 3931 933 3989 Gaiorum
965 3938 996 3987 et
1017 3929 1202 4004 Quintorum
1223 3933 1383 3994 laterculis.
1425 3933 1460 3991 In
1489 3951 1550 4008 quo

253 4042 346 4099 etiam
367 4042 442 4099 illud
464 4043 691 4100 observandum
712 4040 884 4098 Bononiam
905 4047 938 4096 et
953 4038 1124 4112 Brixellum,
1147 4038 1288 4100 Parmam
1311 4050 1341 4099 et
1364 4041 1551 4101 Placentiam

253 4151 365 4208 eodem
386 4152 482 4209 modo
504 4167 565 4228 quo
588 4152 673 4227 apud
695 4145 844 4208 Pliniumt
865 4165 958 4206 unam
980 4149 1108 4206 alteram
1129 4151 1229 4226 sequi,
1262 4169 1331 4209 cum
1357 4151 1473 4227 legibus
1503 4168 1551 4210 or·

254 4259 334 4317 dinis
356 4260 550 4337 alphabetici,
572 4279 651 4338 quae
672 4261 755 4336 apud
776 4261 949 4334 Augustum
969 4258 1081 4337 valent,
1104 4259 1198 4317 etiam
1213 4259 1372 4335 dispositio
1388 4260 1550 4318 Brixellum

255 4369 406 4439 Bononia,
430 4370 587 4429 Placentia
609 4370 716 4428 Parma
737 4369 818 4428 licita
839 4368 955 4428 luisset.
998 4366 1143 4426 Colonias
1166 4369 1250 4446 apud
1272 4369 1441 4442 Augustum
1464 4377 1550 4429 ante·

250 4479 365 4552 positas
386 4479 434 4538 hic
454 4480 639 4558 reliquorum
661 4479 844 4556 oppidorum
864 4495 992 4534 numero
1014 4477 1152 4534 videmus
1174 4477 1314 4536 insertae.

348 4606 359 4646 ¹
377 4609 539 4678 Πολλησίας
556 4611 615 4664 cod.
764 4607 777 4644 5¹
797 4611 931 4660 Bormanu
949 4608 1009 4658 CIL
1026 4608 1072 4656 XI
1093 4623 1120 4673 p.
1141 4605 1201 4660 173.

348 4703 418 4757 ³111
438 4707 489 4760 115
511 4724 551 4774 sq.
570 4725 648 4775 snpra
669 4724 696 4776 p.
717 4708 758 4761 18.
