<?xml version="1.0" encoding="UTF-8"?>
<!DOCTYPE html PUBLIC "-//W3C//DTD XHTML 1.0 Transitional//EN"
    "http://www.w3.org/TR/xhtml1/DTD/xhtml1-transitional.dtd">
<html xmlns="http://www.w3.org/1999/xhtml" xml:lang="en" lang="en">
 <head>
  <title>
</title>
<meta http-equiv="Content-Type" content="text/html;charset=utf-8" />
  <meta name='ocr-system' content='tesseract 3.04.00' />
  <meta name='ocr-capabilities' content='ocr_page ocr_carea ocr_par ocr_line ocrx_word'/>
</head>
<body>
  <div class='ocr_page' id='page_1' title='image "./deavgvstoplinii00cuntgoog_0036.png"; bbox 0 0 3634 5242; ppageno 0'>
   <div class='ocr_carea' id='block_1_1' title="bbox 904 355 942 414">
    <p class='ocr_par' dir='ltr' id='par_1_1' title="bbox 904 355 942 414">
     <span class='ocr_line' id='line_1_1' title="bbox 904 355 942 414; baseline 0 0"><span class='ocrx_word' id='word_1_1' title='bbox 904 355 942 414; x_wconf 86' lang='grc'>31</span> 
     </span>
    </p>
   </div>
   <div class='ocr_carea' id='block_1_2' title="bbox 277 547 1579 4374">
    <p class='ocr_par' dir='ltr' id='par_1_2' title="bbox 624 547 1224 734">
     <span class='ocr_line' id='line_1_2' title="bbox 624 547 1224 606; baseline -0.003 -1"><span class='ocrx_word' id='word_1_2' title='bbox 624 547 753 606; x_wconf 83' lang='lat' dir='ltr'>Latinae</span> <span class='ocrx_word' id='word_1_3' title='bbox 776 547 967 605; x_wconf 89' lang='lat' dir='ltr'>condicionis</span> <span class='ocrx_word' id='word_1_4' title='bbox 1026 593 1032 606; x_wconf 89' lang='lat'>.</span> <span class='ocrx_word' id='word_1_5' title='bbox 1078 591 1084 605; x_wconf 84' lang='lat'>.</span> <span class='ocrx_word' id='word_1_6' title='bbox 1131 592 1137 606; x_wconf 95' lang='lat'>.</span> <span class='ocrx_word' id='word_1_7' title='bbox 1205 549 1224 604; x_wconf 84' lang='lat'><strong>3</strong></span> 
     </span>
     <span class='ocr_line' id='line_1_3' title="bbox 624 658 1222 734; baseline 0 -19"><span class='ocrx_word' id='word_1_8' title='bbox 624 658 838 734; x_wconf 86' lang='lat' dir='ltr'>stipendiarios</span> <span class='ocrx_word' id='word_1_9' title='bbox 872 702 1138 716; x_wconf 92' lang='grc'><strong>......</strong></span> <span class='ocrx_word' id='word_1_10' title='bbox 1182 659 1222 715; x_wconf 88' lang='grc'>46</span> 
     </span>
    </p>

    <p class='ocr_par' dir='ltr' id='par_1_3' title="bbox 376 770 1225 1194">
     <span class='ocr_line' id='line_1_4' title="bbox 376 770 578 845; baseline -0.01 -18"><span class='ocrx_word' id='word_1_11' title='bbox 376 771 422 828; x_wconf 86' lang='lat' dir='ltr'>Ex</span> <span class='ocrx_word' id='word_1_12' title='bbox 444 770 578 845; x_wconf 84' lang='lat' dir='ltr'>periplo:</span> 
     </span>
     <span class='ocr_line' id='line_1_5' title="bbox 625 876 1221 953; baseline -0.005 -18"><span class='ocrx_word' id='word_1_13' title='bbox 625 877 774 953; x_wconf 89' lang='lat' dir='ltr'>oppidum</span> <span class='ocrx_word' id='word_1_14' title='bbox 796 877 851 936; x_wconf 86' lang='lat' dir='ltr'>civ.</span> <span class='ocrx_word' id='word_1_15' title='bbox 873 876 985 935; x_wconf 93' lang='lat' dir='ltr'>Rom..</span> <span class='ocrx_word' id='word_1_16' title='bbox 1030 921 1036 935; x_wconf 98' lang='lat'>.</span> <span class='ocrx_word' id='word_1_17' title='bbox 1205 877 1221 932; x_wconf 93' lang='lat'>1</span> 
     </span>
     <span class='ocr_line' id='line_1_6' title="bbox 626 985 1224 1062; baseline -0.002 -18"><span class='ocrx_word' id='word_1_18' title='bbox 626 985 841 1062; x_wconf 89' lang='lat' dir='ltr'>stipendiarios</span> <span class='ocrx_word' id='word_1_19' title='bbox 872 1027 1138 1044; x_wconf 90' lang='grc'><strong>......</strong></span> <span class='ocrx_word' id='word_1_20' title='bbox 1186 986 1224 1043; x_wconf 80' lang='lat'>12</span> 
     </span>
     <span class='ocr_line' id='line_1_7' title="bbox 1185 1137 1225 1194; baseline 0 0"><span class='ocrx_word' id='word_1_21' title='bbox 1185 1137 1225 1194; x_wconf 84' lang='grc'>62</span> 
     </span>
    </p>

    <p class='ocr_par' dir='ltr' id='par_1_4' title="bbox 278 1240 1577 1978">
     <span class='ocr_line' id='line_1_8' title="bbox 377 1240 1575 1320; baseline -0.002 -14"><span class='ocrx_word' id='word_1_22' title='bbox 377 1249 476 1307; x_wconf 85' lang='lat' dir='ltr'><strong>Deest</strong></span> <span class='ocrx_word' id='word_1_23' title='bbox 498 1267 561 1306; x_wconf 91' lang='lat' dir='ltr'>una</span> <span class='ocrx_word' id='word_1_24' title='bbox 584 1247 697 1308; x_wconf 82' lang='lat' dir='ltr'>civitas,</span> <span class='ocrx_word' id='word_1_25' title='bbox 743 1245 844 1317; x_wconf 91' lang='lat' dir='ltr'>Quam</span> <span class='ocrx_word' id='word_1_26' title='bbox 866 1244 1045 1320; x_wconf 88' lang='lat' dir='ltr'><strong>Drepanum</strong></span> <span class='ocrx_word' id='word_1_27' title='bbox 1068 1240 1098 1320; x_wconf 72' lang='grc' dir='ltr'>(ξ</span> <span class='ocrx_word' id='word_1_28' title='bbox 1120 1240 1173 1320; x_wconf 87' lang='grc'>90)</span> <span class='ocrx_word' id='word_1_29' title='bbox 1195 1263 1259 1302; x_wconf 92' lang='lat' dir='ltr'>non</span> <span class='ocrx_word' id='word_1_30' title='bbox 1288 1263 1357 1304; x_wconf 88' lang='lat' dir='ltr'>esse</span> <span class='ocrx_word' id='word_1_31' title='bbox 1379 1246 1575 1305; x_wconf 83' lang='lat' dir='ltr'>manifestum</span> 
     </span>
     <span class='ocr_line' id='line_1_9' title="bbox 278 1354 1575 1432; baseline -0.002 -17"><span class='ocrx_word' id='word_1_32' title='bbox 278 1369 336 1432; x_wconf 86' lang='lat' dir='ltr'>est,</span> <span class='ocrx_word' id='word_1_33' title='bbox 359 1377 432 1416; x_wconf 93' lang='lat' dir='ltr'>nam</span> <span class='ocrx_word' id='word_1_34' title='bbox 453 1359 494 1414; x_wconf 90' lang='lat' dir='ltr'>ad</span> <span class='ocrx_word' id='word_1_35' title='bbox 511 1357 654 1430; x_wconf 79' lang='lat' dir='ltr'><em>Drepana</em></span> <span class='ocrx_word' id='word_1_36' title='bbox 677 1355 760 1412; x_wconf 90' lang='lat' dir='ltr'>haud</span> <span class='ocrx_word' id='word_1_37' title='bbox 783 1354 876 1412; x_wconf 90' lang='lat' dir='ltr'>dubie</span> <span class='ocrx_word' id='word_1_38' title='bbox 898 1355 1102 1430; x_wconf 90' lang='lat' dir='ltr'>supplendum</span> <span class='ocrx_word' id='word_1_39' title='bbox 1118 1362 1165 1411; x_wconf 87' lang='lat' dir='ltr'>est</span> <span class='ocrx_word' id='word_1_40' title='bbox 1181 1357 1433 1430; x_wconf 88' lang='lat' dir='ltr'>promunturium,</span> <span class='ocrx_word' id='word_1_41' title='bbox 1460 1357 1575 1413; x_wconf 89' lang='lat' dir='ltr'>deinde</span> 
     </span>
     <span class='ocr_line' id='line_1_10' title="bbox 280 1463 1575 1544; baseline -0.002 -20"><span class='ocrx_word' id='word_1_42' title='bbox 280 1468 480 1544; x_wconf 88' lang='lat' dir='ltr'>Drepanitani</span> <span class='ocrx_word' id='word_1_43' title='bbox 512 1467 615 1523; x_wconf 90' lang='lat' dir='ltr'>insunt</span> <span class='ocrx_word' id='word_1_44' title='bbox 637 1466 695 1522; x_wconf 87' lang='lat' dir='ltr'>iam</span> <span class='ocrx_word' id='word_1_45' title='bbox 723 1465 754 1522; x_wconf 92' lang='lat' dir='ltr'>in</span> <span class='ocrx_word' id='word_1_46' title='bbox 785 1465 886 1521; x_wconf 90' lang='lat' dir='ltr'>indice</span> <span class='ocrx_word' id='word_1_47' title='bbox 919 1463 1110 1539; x_wconf 85' lang='lat' dir='ltr'>alphabetico</span> <span class='ocrx_word' id='word_1_48' title='bbox 1144 1465 1420 1540; x_wconf 85' lang='lat' dir='ltr'>stipendiariorum.</span> <span class='ocrx_word' id='word_1_49' title='bbox 1465 1466 1575 1544; x_wconf 85' lang='lat' dir='ltr'>Neque</span> 
     </span>
     <span class='ocr_line' id='line_1_11' title="bbox 279 1573 1576 1650; baseline 0.001 -18"><span class='ocrx_word' id='word_1_50' title='bbox 279 1577 342 1635; x_wconf 91' lang='lat' dir='ltr'>ullo</span> <span class='ocrx_word' id='word_1_51' title='bbox 363 1578 458 1635; x_wconf 92' lang='lat' dir='ltr'>modo</span> <span class='ocrx_word' id='word_1_52' title='bbox 482 1594 574 1633; x_wconf 92' lang='lat' dir='ltr'>unam</span> <span class='ocrx_word' id='word_1_53' title='bbox 596 1575 675 1633; x_wconf 89' lang='lat' dir='ltr'>hanc</span> <span class='ocrx_word' id='word_1_54' title='bbox 697 1574 851 1632; x_wconf 89' lang='lat' dir='ltr'>civitatem</span> <span class='ocrx_word' id='word_1_55' title='bbox 874 1573 998 1650; x_wconf 90' lang='lat' dir='ltr'>reperiri</span> <span class='ocrx_word' id='word_1_56' title='bbox 1022 1591 1116 1648; x_wconf 91' lang='lat' dir='ltr'>posse</span> <span class='ocrx_word' id='word_1_57' title='bbox 1142 1573 1290 1634; x_wconf 85' lang='lat' dir='ltr'>existimo.</span> <span class='ocrx_word' id='word_1_58' title='bbox 1335 1574 1440 1646; x_wconf 88' lang='lat' dir='ltr'>Quare</span> <span class='ocrx_word' id='word_1_59' title='bbox 1456 1577 1576 1634; x_wconf 89' lang='lat' dir='ltr'>urbium</span> 
     </span>
     <span class='ocr_line' id='line_1_12' title="bbox 280 1684 1576 1758; baseline 0.002 -16"><span class='ocrx_word' id='word_1_60' title='bbox 280 1703 317 1742; x_wconf 91' lang='lat' dir='ltr'>ac</span> <span class='ocrx_word' id='word_1_61' title='bbox 341 1685 506 1742; x_wconf 89' lang='lat' dir='ltr'>eivitatium</span> <span class='ocrx_word' id='word_1_62' title='bbox 538 1702 680 1742; x_wconf 90' lang='lat' dir='ltr'>numerus</span> <span class='ocrx_word' id='word_1_63' title='bbox 713 1684 911 1758; x_wconf 89' lang='lat' dir='ltr'>corrigendus</span> <span class='ocrx_word' id='word_1_64' title='bbox 944 1691 989 1741; x_wconf 90' lang='lat' dir='ltr'>est</span> <span class='ocrx_word' id='word_1_65' title='bbox 1022 1691 1113 1758; x_wconf 88' lang='lat' dir='ltr'>atque</span> <span class='ocrx_word' id='word_1_66' title='bbox 1135 1685 1345 1744; x_wconf 86' lang='lat' dir='ltr'>scribendum:</span> <span class='ocrx_word' id='word_1_67' title='bbox 1373 1684 1468 1744; x_wconf 88' lang='lat' dir='ltr'><strong>LXII.</strong></span> <span class='ocrx_word' id='word_1_68' title='bbox 1516 1685 1576 1744; x_wconf 91' lang='lat' dir='ltr'>Co·</span> 
     </span>
     <span class='ocr_line' id='line_1_13' title="bbox 281 1791 1577 1870; baseline 0.001 -20"><span class='ocrx_word' id='word_1_69' title='bbox 281 1795 381 1852; x_wconf 92' lang='lat' dir='ltr'>loniae</span> <span class='ocrx_word' id='word_1_70' title='bbox 401 1795 536 1870; x_wconf 88' lang='lat' dir='ltr'>quinque</span> <span class='ocrx_word' id='word_1_71' title='bbox 557 1811 664 1852; x_wconf 91' lang='lat' dir='ltr'>omnes</span> <span class='ocrx_word' id='word_1_72' title='bbox 688 1794 810 1852; x_wconf 85' lang='lat' dir='ltr'>adsunt.</span> <span class='ocrx_word' id='word_1_73' title='bbox 854 1791 934 1850; x_wconf 90' lang='lat' dir='ltr'>Satis</span> <span class='ocrx_word' id='word_1_74' title='bbox 954 1800 1098 1850; x_wconf 88' lang='lat' dir='ltr'>accurate</span> <span class='ocrx_word' id='word_1_75' title='bbox 1119 1792 1210 1866; x_wconf 88' lang='lat' dir='ltr'>igitur</span> <span class='ocrx_word' id='word_1_76' title='bbox 1230 1791 1344 1850; x_wconf 89' lang='lat' dir='ltr'>Plinius</span> <span class='ocrx_word' id='word_1_77' title='bbox 1370 1811 1443 1850; x_wconf 88' lang='lat' dir='ltr'>orae</span> <span class='ocrx_word' id='word_1_78' title='bbox 1464 1795 1577 1851; x_wconf 89' lang='lat' dir='ltr'>mariti·</span> 
     </span>
     <span class='ocr_line' id='line_1_14' title="bbox 279 1899 1172 1978; baseline 0.001 -18"><span class='ocrx_word' id='word_1_79' title='bbox 279 1920 349 1960; x_wconf 88' lang='lat' dir='ltr'>mae</span> <span class='ocrx_word' id='word_1_80' title='bbox 371 1903 610 1978; x_wconf 89' lang='lat' dir='ltr'>descriptionem</span> <span class='ocrx_word' id='word_1_81' title='bbox 633 1919 703 1959; x_wconf 90' lang='lat' dir='ltr'>cum</span> <span class='ocrx_word' id='word_1_82' title='bbox 724 1901 856 1976; x_wconf 85' lang='lat' dir='ltr'>Augusti</span> <span class='ocrx_word' id='word_1_83' title='bbox 877 1899 952 1958; x_wconf 92' lang='lat' dir='ltr'>libro</span> <span class='ocrx_word' id='word_1_84' title='bbox 975 1901 1172 1976; x_wconf 88' lang='lat' dir='ltr'>comparavit.</span> 
     </span>
    </p>

    <p class='ocr_par' dir='ltr' id='par_1_5' title="bbox 277 2010 1577 2416">
     <span class='ocr_line' id='line_1_15' title="bbox 378 2010 1576 2088; baseline 0.002 -20"><span class='ocrx_word' id='word_1_85' title='bbox 378 2010 465 2082; x_wconf 92' lang='lat' dir='ltr'>Quos</span> <span class='ocrx_word' id='word_1_86' title='bbox 487 2011 659 2082; x_wconf 71' lang='lat' dir='ltr'>laterculos</span> <span class='ocrx_word' id='word_1_87' title='bbox 683 2027 879 2086; x_wconf 85' lang='lat' dir='ltr'>quamquam,</span> <span class='ocrx_word' id='word_1_88' title='bbox 902 2018 936 2067; x_wconf 92' lang='lat' dir='ltr'>ut</span> <span class='ocrx_word' id='word_1_89' title='bbox 958 2017 1097 2085; x_wconf 88' lang='lat' dir='ltr'>apertum</span> <span class='ocrx_word' id='word_1_90' title='bbox 1120 2017 1175 2084; x_wconf 70' lang='lat' dir='ltr'>est,</span> <span class='ocrx_word' id='word_1_91' title='bbox 1200 2011 1332 2086; x_wconf 88' lang='lat' dir='ltr'>Augusti</span> <span class='ocrx_word' id='word_1_92' title='bbox 1353 2012 1481 2088; x_wconf 88' lang='lat' dir='ltr'>vestigia</span> <span class='ocrx_word' id='word_1_93' title='bbox 1496 2013 1527 2070; x_wconf 91' lang='lat' dir='ltr'>in</span> <span class='ocrx_word' id='word_1_94' title='bbox 1541 2013 1576 2070; x_wconf 92' lang='lat' dir='ltr'>iis</span> 
     </span>
     <span class='ocr_line' id='line_1_16' title="bbox 277 2115 1577 2197; baseline -0.002 -16"><span class='ocrx_word' id='word_1_95' title='bbox 277 2123 360 2181; x_wconf 90' lang='lat' dir='ltr'>cerni</span> <span class='ocrx_word' id='word_1_96' title='bbox 384 2123 450 2197; x_wconf 90' lang='lat' dir='ltr'>ipse</span> <span class='ocrx_word' id='word_1_97' title='bbox 483 2121 636 2190; x_wconf 90' lang='lat' dir='ltr'>concedit,</span> <span class='ocrx_word' id='word_1_98' title='bbox 666 2120 876 2178; x_wconf 89' lang='lat' dir='ltr'>Mommsenus</span> <span class='ocrx_word' id='word_1_99' title='bbox 906 2119 1107 2196; x_wconf 90' lang='lat' dir='ltr'>interpolatos</span> <span class='ocrx_word' id='word_1_100' title='bbox 1141 2115 1256 2195; x_wconf 86' lang='lat' dir='ltr'>putat1.</span> <span class='ocrx_word' id='word_1_101' title='bbox 1304 2121 1399 2193; x_wconf 88' lang='lat' dir='ltr'>Quod</span> <span class='ocrx_word' id='word_1_102' title='bbox 1433 2123 1577 2197; x_wconf 90' lang='lat' dir='ltr'>quoniam</span> 
     </span>
     <span class='ocr_line' id='line_1_17' title="bbox 279 2229 1577 2307; baseline 0.001 -18"><span class='ocrx_word' id='word_1_103' title='bbox 279 2233 371 2290; x_wconf 88' lang='lat' dir='ltr'>ceteri</span> <span class='ocrx_word' id='word_1_104' title='bbox 393 2231 512 2288; x_wconf 91' lang='lat' dir='ltr'>indices</span> <span class='ocrx_word' id='word_1_105' title='bbox 532 2231 644 2287; x_wconf 89' lang='lat' dir='ltr'>eodem</span> <span class='ocrx_word' id='word_1_106' title='bbox 665 2231 760 2286; x_wconf 92' lang='lat' dir='ltr'>modo</span> <span class='ocrx_word' id='word_1_107' title='bbox 784 2229 944 2304; x_wconf 91' lang='lat' dir='ltr'>compositi</span> <span class='ocrx_word' id='word_1_108' title='bbox 966 2229 1063 2286; x_wconf 90' lang='lat' dir='ltr'>nullas</span> <span class='ocrx_word' id='word_1_109' title='bbox 1087 2229 1211 2286; x_wconf 86' lang='lat' dir='ltr'>omnino</span> <span class='ocrx_word' id='word_1_110' title='bbox 1234 2231 1392 2289; x_wconf 88' lang='lat' dir='ltr'>continent</span> <span class='ocrx_word' id='word_1_111' title='bbox 1413 2231 1577 2307; x_wconf 89' lang='lat' dir='ltr'>interpola-</span> 
     </span>
     <span class='ocr_line' id='line_1_18' title="bbox 279 2339 1577 2416; baseline 0.002 -20"><span class='ocrx_word' id='word_1_112' title='bbox 279 2342 390 2410; x_wconf 88' lang='lat' dir='ltr'>tiones,</span> <span class='ocrx_word' id='word_1_113' title='bbox 409 2341 501 2398; x_wconf 91' lang='lat' dir='ltr'>immo</span> <span class='ocrx_word' id='word_1_114' title='bbox 524 2339 593 2396; x_wconf 86' lang='lat' dir='ltr'>fons</span> <span class='ocrx_word' id='word_1_115' title='bbox 617 2347 688 2396; x_wconf 90' lang='lat' dir='ltr'>sunt</span> <span class='ocrx_word' id='word_1_116' title='bbox 709 2356 770 2413; x_wconf 92' lang='lat' dir='ltr'>quo</span> <span class='ocrx_word' id='word_1_117' title='bbox 792 2339 892 2396; x_wconf 90' lang='lat' dir='ltr'>nullus</span> <span class='ocrx_word' id='word_1_118' title='bbox 907 2347 1011 2414; x_wconf 89' lang='lat' dir='ltr'>potest</span> <span class='ocrx_word' id='word_1_119' title='bbox 1033 2357 1101 2397; x_wconf 89' lang='lat' dir='ltr'>esse</span> <span class='ocrx_word' id='word_1_120' title='bbox 1117 2341 1228 2415; x_wconf 88' lang='lat' dir='ltr'>purior,</span> <span class='ocrx_word' id='word_1_121' title='bbox 1249 2341 1371 2416; x_wconf 89' lang='lat' dir='ltr'>probari</span> <span class='ocrx_word' id='word_1_122' title='bbox 1386 2358 1450 2398; x_wconf 87' lang='lat' dir='ltr'>non</span> <span class='ocrx_word' id='word_1_123' title='bbox 1464 2348 1577 2416; x_wconf 90' lang='lat' dir='ltr'>potest.</span> 
     </span>
    </p>

    <p class='ocr_par' dir='ltr' id='par_1_6' title="bbox 279 2447 1579 4374">
     <span class='ocr_line' id='line_1_19' title="bbox 380 2447 1576 2521; baseline 0.001 -16"><span class='ocrx_word' id='word_1_124' title='bbox 380 2448 489 2506; x_wconf 85' lang='lat' dir='ltr'>Adfert</span> <span class='ocrx_word' id='word_1_125' title='bbox 509 2447 730 2521; x_wconf 78' lang='lat' dir='ltr'>MommsenuS,</span> <span class='ocrx_word' id='word_1_126' title='bbox 764 2456 798 2504; x_wconf 90' lang='lat' dir='ltr'>ut</span> <span class='ocrx_word' id='word_1_127' title='bbox 832 2447 951 2521; x_wconf 88' lang='lat' dir='ltr'>singula</span> <span class='ocrx_word' id='word_1_128' title='bbox 982 2447 1060 2504; x_wconf 91' lang='lat' dir='ltr'>infra</span> <span class='ocrx_word' id='word_1_129' title='bbox 1082 2449 1244 2506; x_wconf 90' lang='lat' dir='ltr'>tractanda</span> <span class='ocrx_word' id='word_1_130' title='bbox 1266 2449 1414 2519; x_wconf 90' lang='lat' dir='ltr'>omittam,</span> <span class='ocrx_word' id='word_1_131' title='bbox 1449 2448 1508 2506; x_wconf 89' lang='lat' dir='ltr'>hoc</span> <span class='ocrx_word' id='word_1_132' title='bbox 1530 2469 1576 2508; x_wconf 92' lang='lat' dir='ltr'>ar·</span> 
     </span>
     <span class='ocr_line' id='line_1_20' title="bbox 280 2555 1577 2632; baseline 0.002 -18"><span class='ocrx_word' id='word_1_133' title='bbox 280 2566 471 2632; x_wconf 89' lang='lat' dir='ltr'>gumentum:</span> <span class='ocrx_word' id='word_1_134' title='bbox 504 2555 582 2614; x_wconf 94' lang='lat' dir='ltr'>Cum</span> <span class='ocrx_word' id='word_1_135' title='bbox 604 2557 689 2632; x_wconf 90' lang='lat' dir='ltr'>apud</span> <span class='ocrx_word' id='word_1_136' title='bbox 711 2556 839 2614; x_wconf 90' lang='lat' dir='ltr'>Plinium</span> <span class='ocrx_word' id='word_1_137' title='bbox 860 2556 1050 2614; x_wconf 88' lang='lat' dir='ltr'>inveniamus</span> <span class='ocrx_word' id='word_1_138' title='bbox 1072 2557 1211 2615; x_wconf 85' lang='lat' dir='ltr'>civitates</span> <span class='ocrx_word' id='word_1_139' title='bbox 1234 2557 1361 2615; x_wconf 87' lang='lat' dir='ltr'>Latinas</span> <span class='ocrx_word' id='word_1_140' title='bbox 1395 2565 1490 2632; x_wconf 88' lang='lat' dir='ltr'>atque</span> <span class='ocrx_word' id='word_1_141' title='bbox 1523 2559 1577 2616; x_wconf 87' lang='lat' dir='ltr'>sti·</span> 
     </span>
     <span class='ocr_line' id='line_1_21' title="bbox 280 2665 1575 2742; baseline 0.002 -20"><span class='ocrx_word' id='word_1_142' title='bbox 280 2667 463 2742; x_wconf 89' lang='lat' dir='ltr'>pendiarias,</span> <span class='ocrx_word' id='word_1_143' title='bbox 486 2683 593 2724; x_wconf 90' lang='lat' dir='ltr'>omnes</span> <span class='ocrx_word' id='word_1_144' title='bbox 616 2665 732 2723; x_wconf 90' lang='lat' dir='ltr'>Siculos</span> <span class='ocrx_word' id='word_1_145' title='bbox 754 2665 886 2740; x_wconf 85' lang='lat' dir='ltr'>Augusti</span> <span class='ocrx_word' id='word_1_146' title='bbox 909 2673 1045 2740; x_wconf 88' lang='lat' dir='ltr'>tempore</span> <span class='ocrx_word' id='word_1_147' title='bbox 1068 2665 1219 2724; x_wconf 89' lang='lat' dir='ltr'>civitatem</span> <span class='ocrx_word' id='word_1_148' title='bbox 1234 2665 1407 2724; x_wconf 90' lang='lat' dir='ltr'>Romanam</span> <span class='ocrx_word' id='word_1_149' title='bbox 1429 2666 1575 2725; x_wconf 86' lang='lat' dir='ltr'>habuisse</span> 
     </span>
     <span class='ocr_line' id='line_1_22' title="bbox 279 2773 1574 2850; baseline 0.002 -17"><span class='ocrx_word' id='word_1_150' title='bbox 279 2784 410 2834; x_wconf 89' lang='lat' dir='ltr'>constat.</span> <span class='ocrx_word' id='word_1_151' title='bbox 454 2775 548 2848; x_wconf 90' lang='lat' dir='ltr'>Quod</span> <span class='ocrx_word' id='word_1_152' title='bbox 571 2776 800 2833; x_wconf 91' lang='lat' dir='ltr'>demonstratur</span> <span class='ocrx_word' id='word_1_153' title='bbox 824 2774 892 2832; x_wconf 93' lang='lat' dir='ltr'>loco</span> <span class='ocrx_word' id='word_1_154' title='bbox 915 2775 1063 2850; x_wconf 88' lang='lat' dir='ltr'>epistulae</span> <span class='ocrx_word' id='word_1_155' title='bbox 1076 2773 1231 2832; x_wconf 89' lang='lat' dir='ltr'>Ciceronis</span> <span class='ocrx_word' id='word_1_156' title='bbox 1252 2775 1293 2833; x_wconf 90' lang='lat' dir='ltr'>ad</span> <span class='ocrx_word' id='word_1_157' title='bbox 1311 2775 1375 2836; x_wconf 90' lang='lat' dir='ltr'>Att.</span> <span class='ocrx_word' id='word_1_158' title='bbox 1387 2775 1469 2846; x_wconf 90' lang='lat' dir='ltr'>XIV,</span> <span class='ocrx_word' id='word_1_159' title='bbox 1494 2779 1574 2845; x_wconf 64' lang='lat'>121</span> 
     </span>
     <span class='ocr_line' id='line_1_23' title="bbox 280 2881 1575 2960; baseline 0.001 -20"><span class='ocrx_word' id='word_1_160' title='bbox 280 2885 411 2960; x_wconf 86' lang='lat' dir='ltr'>scriptae</span> <span class='ocrx_word' id='word_1_161' title='bbox 444 2883 578 2941; x_wconf 87' lang='lat' dir='ltr'>Puteolis</span> <span class='ocrx_word' id='word_1_162' title='bbox 612 2901 639 2942; x_wconf 90' lang='lat' dir='ltr'>a.</span> <span class='ocrx_word' id='word_1_163' title='bbox 664 2884 694 2940; x_wconf 93' lang='lat' dir='ltr'>d.</span> <span class='ocrx_word' id='word_1_164' title='bbox 717 2883 757 2942; x_wconf 89' lang='lat' dir='ltr'>X.</span> <span class='ocrx_word' id='word_1_165' title='bbox 781 2883 940 2942; x_wconf 89' lang='lat' dir='ltr'>Kalendas</span> <span class='ocrx_word' id='word_1_166' title='bbox 960 2883 1059 2942; x_wconf 88' lang='lat' dir='ltr'>Maias</span> <span class='ocrx_word' id='word_1_167' title='bbox 1092 2903 1119 2942; x_wconf 89' lang='lat' dir='ltr'>a.</span> <span class='ocrx_word' id='word_1_168' title='bbox 1142 2903 1171 2943; x_wconf 91' lang='lat' dir='ltr'>u.</span> <span class='ocrx_word' id='word_1_169' title='bbox 1194 2901 1219 2942; x_wconf 90' lang='lat' dir='ltr'>c.</span> <span class='ocrx_word' id='word_1_170' title='bbox 1244 2886 1304 2943; x_wconf 82' lang='lat'>710</span> <span class='ocrx_word' id='word_1_171' title='bbox 1334 2881 1399 2942; x_wconf 87' lang='lat' dir='ltr'>Scis</span> <span class='ocrx_word' id='word_1_172' title='bbox 1420 2903 1506 2958; x_wconf 81' lang='lat' dir='ltr'>quam</span> <span class='ocrx_word' id='word_1_173' title='bbox 1532 2885 1575 2941; x_wconf 88' lang='lat' dir='ltr'>di·</span> 
     </span>
     <span class='ocr_line' id='line_1_24' title="bbox 280 2989 1579 3067; baseline 0.002 -19"><span class='ocrx_word' id='word_1_174' title='bbox 280 2994 373 3067; x_wconf 80' lang='lat' dir='ltr'>ligam</span> <span class='ocrx_word' id='word_1_175' title='bbox 398 2989 513 3050; x_wconf 81' lang='lat' dir='ltr'>Siculas</span> <span class='ocrx_word' id='word_1_176' title='bbox 549 2999 577 3049; x_wconf 87' lang='lat' dir='ltr'>et</span> <span class='ocrx_word' id='word_1_177' title='bbox 605 3011 690 3066; x_wconf 86' lang='lat' dir='ltr'>quam</span> <span class='ocrx_word' id='word_1_178' title='bbox 727 2993 814 3050; x_wconf 81' lang='lat' dir='ltr'>illam</span> <span class='ocrx_word' id='word_1_179' title='bbox 846 2993 1011 3050; x_wconf 78' lang='lat' dir='ltr'>clientelam</span> <span class='ocrx_word' id='word_1_180' title='bbox 1042 2992 1189 3050; x_wconf 78' lang='lat' dir='ltr'>honestam</span> <span class='ocrx_word' id='word_1_181' title='bbox 1218 2994 1360 3050; x_wconf 74' lang='lat' dir='ltr'>medicem:</span> <span class='ocrx_word' id='word_1_182' title='bbox 1388 2994 1481 3050; x_wconf 85' lang='lat' dir='ltr'>multa</span> <span class='ocrx_word' id='word_1_183' title='bbox 1515 2995 1579 3051; x_wconf 81' lang='lat' dir='ltr'>illis</span> 
     </span>
     <span class='ocr_line' id='line_1_25' title="bbox 286 3099 1579 3180; baseline 0.002 -23"><span class='ocrx_word' id='word_1_184' title='bbox 286 3099 400 3171; x_wconf 84' lang='lat' dir='ltr'>Caesar,</span> <span class='ocrx_word' id='word_1_185' title='bbox 427 3121 515 3176; x_wconf 86' lang='lat' dir='ltr'>neque</span> <span class='ocrx_word' id='word_1_186' title='bbox 535 3120 577 3158; x_wconf 90' lang='lat' dir='ltr'>me</span> <span class='ocrx_word' id='word_1_187' title='bbox 604 3103 704 3171; x_wconf 82' lang='lat' dir='ltr'>invito,</span> <span class='ocrx_word' id='word_1_188' title='bbox 731 3104 788 3158; x_wconf 86' lang='lat' dir='ltr'>etsi</span> <span class='ocrx_word' id='word_1_189' title='bbox 808 3102 957 3159; x_wconf 79' lang='lat' dir='ltr'>Latinitas</span> <span class='ocrx_word' id='word_1_190' title='bbox 984 3109 1048 3158; x_wconf 86' lang='lat' dir='ltr'>erat</span> <span class='ocrx_word' id='word_1_191' title='bbox 1073 3121 1130 3158; x_wconf 88' lang='lat' dir='ltr'>non</span> <span class='ocrx_word' id='word_1_192' title='bbox 1142 3101 1284 3180; x_wconf 82' lang='lat' dir='ltr'>ferenda,</span> <span class='ocrx_word' id='word_1_193' title='bbox 1311 3109 1503 3160; x_wconf 79' lang='lat' dir='ltr'>verumtamen</span> <span class='ocrx_word' id='word_1_194' title='bbox 1521 3121 1579 3170; x_wconf 88' lang='lat'>-,·</span> 
     </span>
     <span class='ocr_line' id='line_1_26' title="bbox 282 3210 1579 3288; baseline 0.002 -23"><span class='ocrx_word' id='word_1_195' title='bbox 282 3229 341 3266; x_wconf 87' lang='lat' dir='ltr'>ecce</span> <span class='ocrx_word' id='word_1_196' title='bbox 363 3216 455 3266; x_wconf 88' lang='lat' dir='ltr'>autem</span> <span class='ocrx_word' id='word_1_197' title='bbox 479 3211 623 3268; x_wconf 83' lang='lat' dir='ltr'>Antonias</span> <span class='ocrx_word' id='word_1_198' title='bbox 646 3219 760 3286; x_wconf 84' lang='lat' dir='ltr'>accepta</span> <span class='ocrx_word' id='word_1_199' title='bbox 779 3213 898 3288; x_wconf 84' lang='lat' dir='ltr'>grandi</span> <span class='ocrx_word' id='word_1_200' title='bbox 911 3213 1036 3286; x_wconf 82' lang='lat' dir='ltr'>pecunia</span> <span class='ocrx_word' id='word_1_201' title='bbox 1054 3210 1135 3286; x_wconf 81' lang='lat' dir='ltr'>fixit</span> <span class='ocrx_word' id='word_1_202' title='bbox 1155 3213 1243 3288; x_wconf 85' lang='lat' dir='ltr'>legem</span> <span class='ocrx_word' id='word_1_203' title='bbox 1269 3231 1288 3268; x_wconf 91' lang='lat' dir='ltr'>a</span> <span class='ocrx_word' id='word_1_204' title='bbox 1303 3212 1440 3268; x_wconf 82' lang='lat' dir='ltr'>dictatore</span> <span class='ocrx_word' id='word_1_205' title='bbox 1455 3213 1579 3269; x_wconf 66' lang='lat' dir='ltr'>comitiis</span> 
     </span>
     <span class='ocr_line' id='line_1_27' title="bbox 280 3314 1578 3391; baseline 0.002 -17"><span class='ocrx_word' id='word_1_206' title='bbox 280 3319 381 3386; x_wconf 86' lang='lat' dir='ltr'>latam,</span> <span class='ocrx_word' id='word_1_207' title='bbox 415 3336 473 3391; x_wconf 81' lang='lat' dir='ltr'>qua</span> <span class='ocrx_word' id='word_1_208' title='bbox 496 3314 594 3374; x_wconf 81' lang='lat' dir='ltr'>Siculi</span> <span class='ocrx_word' id='word_1_209' title='bbox 623 3320 697 3376; x_wconf 78' lang='lat' dir='ltr'>cives</span> <span class='ocrx_word' id='word_1_210' title='bbox 727 3319 864 3390; x_wconf 84' lang='lat' dir='ltr'>Romani,</span> <span class='ocrx_word' id='word_1_211' title='bbox 895 3322 978 3377; x_wconf 83' lang='lat' dir='ltr'>cuias</span> <span class='ocrx_word' id='word_1_212' title='bbox 1007 3321 1056 3377; x_wconf 81' lang='lat' dir='ltr'>rei</span> <span class='ocrx_word' id='word_1_213' title='bbox 1085 3322 1151 3378; x_wconf 76' lang='grc' dir='ltr'>υίυο</span> <span class='ocrx_word' id='word_1_214' title='bbox 1175 3321 1229 3377; x_wconf 80' lang='lat' dir='ltr'>illo</span> <span class='ocrx_word' id='word_1_215' title='bbox 1253 3322 1355 3377; x_wconf 85' lang='lat' dir='ltr'>mentz&#39;a</span> <span class='ocrx_word' id='word_1_216' title='bbox 1377 3321 1472 3378; x_wconf 88' lang='lat' dir='ltr'>nulla.</span> <span class='ocrx_word' id='word_1_217' title='bbox 1516 3321 1578 3378; x_wconf 87' lang='lat' dir='ltr'>Re-</span> 
     </span>
     <span class='ocr_line' id='line_1_28' title="bbox 280 3425 1577 3504; baseline 0.001 -18"><span class='ocrx_word' id='word_1_218' title='bbox 280 3428 374 3486; x_wconf 89' lang='lat' dir='ltr'>scissa</span> <span class='ocrx_word' id='word_1_219' title='bbox 397 3427 520 3504; x_wconf 91' lang='lat' dir='ltr'>quidem</span> <span class='ocrx_word' id='word_1_220' title='bbox 542 3437 611 3485; x_wconf 91' lang='lat' dir='ltr'>acta</span> <span class='ocrx_word' id='word_1_221' title='bbox 626 3425 779 3503; x_wconf 61' lang='lat' dir='ltr'>Antoniiss,</span> <span class='ocrx_word' id='word_1_222' title='bbox 803 3430 861 3486; x_wconf 91' lang='lat' dir='ltr'>sed</span> <span class='ocrx_word' id='word_1_223' title='bbox 875 3429 1160 3504; x_wconf 71' lang='lat' dir='ltr'>post&#39;triumviratus</span> <span class='ocrx_word' id='word_1_224' title='bbox 1177 3430 1426 3488; x_wconf 88' lang='lat' dir='ltr'>constitutionem</span> <span class='ocrx_word' id='word_1_225' title='bbox 1446 3427 1577 3487; x_wconf 88' lang='lat' dir='ltr'>fortasse</span> 
     </span>
     <span class='ocr_line' id='line_1_29' title="bbox 280 3536 1577 3611; baseline 0.001 -16"><span class='ocrx_word' id='word_1_226' title='bbox 280 3546 347 3595; x_wconf 88' lang='lat' dir='ltr'>rata</span> <span class='ocrx_word' id='word_1_227' title='bbox 358 3536 464 3594; x_wconf 82' lang='lat' dir='ltr'>habita</span> <span class='ocrx_word' id='word_1_228' title='bbox 475 3545 553 3596; x_wconf 90' lang='lat' dir='ltr'>sunt.</span> <span class='ocrx_word' id='word_1_229' title='bbox 590 3536 683 3595; x_wconf 89' lang='lat' dir='ltr'>Certe</span> <span class='ocrx_word' id='word_1_230' title='bbox 698 3536 805 3596; x_wconf 88' lang='lat' dir='ltr'>Siculis</span> <span class='ocrx_word' id='word_1_231' title='bbox 824 3538 929 3596; x_wconf 88' lang='lat' dir='ltr'>civitas</span> <span class='ocrx_word' id='word_1_232' title='bbox 946 3547 1065 3597; x_wconf 90' lang='lat' dir='ltr'>servata</span> <span class='ocrx_word' id='word_1_233' title='bbox 1081 3548 1136 3599; x_wconf 89' lang='lat' dir='ltr'>est.</span> <span class='ocrx_word' id='word_1_234' title='bbox 1168 3539 1264 3611; x_wconf 88' lang='lat' dir='ltr'>Quod</span> <span class='ocrx_word' id='word_1_235' title='bbox 1279 3547 1409 3598; x_wconf 89' lang='lat' dir='ltr'>testatur</span> <span class='ocrx_word' id='word_1_236' title='bbox 1420 3536 1577 3596; x_wconf 92' lang='lat' dir='ltr'>Diodorus</span> 
     </span>
     <span class='ocr_line' id='line_1_30' title="bbox 282 3637 1578 3724; baseline 0 -18"><span class='ocrx_word' id='word_1_237' title='bbox 282 3649 330 3722; x_wconf 82' lang='lat'>13,</span> <span class='ocrx_word' id='word_1_238' title='bbox 354 3648 404 3713; x_wconf 82' lang='lat'>35,</span> <span class='ocrx_word' id='word_1_239' title='bbox 429 3649 463 3705; x_wconf 88' lang='lat'>3:</span> <span class='ocrx_word' id='word_1_240' title='bbox 499 3643 589 3722; x_wconf 87' lang='grc' dir='ltr'>μέχρι</span> <span class='ocrx_word' id='word_1_241' title='bbox 612 3641 691 3706; x_wconf 86' lang='grc' dir='ltr'>ὅτου</span> <span class='ocrx_word' id='word_1_242' title='bbox 713 3642 833 3721; x_wconf 87' lang='grc' dir='ltr'>πάντες</span> <span class='ocrx_word' id='word_1_243' title='bbox 858 3641 888 3706; x_wconf 85' lang='grc' dir='ltr'>οἱ</span> <span class='ocrx_word' id='word_1_244' title='bbox 911 3645 1096 3708; x_wconf 83' lang='grc' dir='ltr'>Σικελιῶται</span> <span class='ocrx_word' id='word_1_245' title='bbox 1131 3651 1190 3723; x_wconf 82' lang='grc' dir='ltr'>τῆς</span> <span class='ocrx_word' id='word_1_246' title='bbox 1210 3637 1378 3724; x_wconf 83' lang='grc' dir='ltr'>Ῥωμαίων</span> <span class='ocrx_word' id='word_1_247' title='bbox 1413 3643 1578 3722; x_wconf 85' lang='grc' dir='ltr'>πολιτείας</span> 
     </span>
     <span class='ocr_line' id='line_1_31' title="bbox 279 3751 1577 3836; baseline -0.002 -19"><span class='ocrx_word' id='word_1_248' title='bbox 279 3751 463 3830; x_wconf 84' lang='grc' dir='ltr'>ἠξιώθησαν</span> <span class='ocrx_word' id='word_1_249' title='bbox 486 3764 518 3812; x_wconf 90' lang='lat' dir='ltr'>et</span> <span class='ocrx_word' id='word_1_250' title='bbox 542 3758 590 3834; x_wconf 91' lang='grc'><strong>16,</strong></span> <span class='ocrx_word' id='word_1_251' title='bbox 613 3757 663 3832; x_wconf 85' lang='grc'><strong>70,</strong></span> <span class='ocrx_word' id='word_1_252' title='bbox 688 3757 720 3814; x_wconf 92' lang='lat'>6:</span> <span class='ocrx_word' id='word_1_253' title='bbox 743 3751 795 3816; x_wconf 89' lang='grc' dir='ltr'>καὶ</span> <span class='ocrx_word' id='word_1_254' title='bbox 816 3753 913 3836; x_wconf 84' lang='grc' dir='ltr'>ᾐρέθη</span> <span class='ocrx_word' id='word_1_255' title='bbox 937 3757 1068 3832; x_wconf 87' lang='grc' dir='ltr'>πρῶτος</span> <span class='ocrx_word' id='word_1_256' title='bbox 1091 3751 1277 3832; x_wconf 87' lang='grc' dir='ltr'>ἀμφίπολος</span> <span class='ocrx_word' id='word_1_257' title='bbox 1298 3754 1381 3832; x_wconf 85' lang='grc' dir='ltr'>Διὸς</span> <span class='ocrx_word' id='word_1_258' title='bbox 1400 3751 1577 3832; x_wconf 79' lang='grc' dir='ltr'>Ὀλυμπίου</span> 
     </span>
     <span class='ocr_line' id='line_1_32' title="bbox 282 3859 1578 3941; baseline 0.002 -19"><span class='ocrx_word' id='word_1_259' title='bbox 282 3859 485 3939; x_wconf 86' lang='grc' dir='ltr'>Καλλιμένης,</span> <span class='ocrx_word' id='word_1_260' title='bbox 518 3860 570 3923; x_wconf 90' lang='grc' dir='ltr'>καὶ</span> <span class='ocrx_word' id='word_1_261' title='bbox 604 3859 641 3924; x_wconf 89' lang='grc' dir='ltr'>τὸ</span> <span class='ocrx_word' id='word_1_262' title='bbox 675 3860 792 3925; x_wconf 92' lang='grc' dir='ltr'>λοιπὸν</span> <span class='ocrx_word' id='word_1_263' title='bbox 813 3862 1000 3927; x_wconf 83' lang='grc' dir='ltr'>διετέλεσαν</span> <span class='ocrx_word' id='word_1_264' title='bbox 1025 3860 1055 3925; x_wconf 84' lang='grc' dir='ltr'>οἱ</span> <span class='ocrx_word' id='word_1_265' title='bbox 1079 3860 1274 3940; x_wconf 88' lang='grc' dir='ltr'>Συρακόσιοι</span> <span class='ocrx_word' id='word_1_266' title='bbox 1303 3863 1380 3941; x_wconf 85' lang='grc' dir='ltr'>τοὺς</span> <span class='ocrx_word' id='word_1_267' title='bbox 1409 3861 1578 3940; x_wconf 84' lang='grc' dir='ltr'>ἐνιαυτοὺς</span> 
     </span>
     <span class='ocr_line' id='line_1_33' title="bbox 280 3966 1578 4051; baseline 0.002 -19"><span class='ocrx_word' id='word_1_268' title='bbox 280 3966 517 4048; x_wconf 84' lang='grc' dir='ltr'>ἐπιγράφοντες</span> <span class='ocrx_word' id='word_1_269' title='bbox 538 3967 668 4048; x_wconf 85' lang='grc' dir='ltr'>τούτοις</span> <span class='ocrx_word' id='word_1_270' title='bbox 691 3973 760 4048; x_wconf 85' lang='grc' dir='ltr'>τοῖς</span> <span class='ocrx_word' id='word_1_271' title='bbox 782 3969 919 4050; x_wconf 85' lang='grc' dir='ltr'>ἄρχουσι</span> <span class='ocrx_word' id='word_1_272' title='bbox 942 3971 1031 4050; x_wconf 86' lang='grc' dir='ltr'>μέχρι</span> <span class='ocrx_word' id='word_1_273' title='bbox 1052 3973 1156 4035; x_wconf 84' lang='grc' dir='ltr'>τῶνδε</span> <span class='ocrx_word' id='word_1_274' title='bbox 1178 3974 1244 4036; x_wconf 86' lang='grc' dir='ltr'>τῶν</span> <span class='ocrx_word' id='word_1_275' title='bbox 1269 3971 1423 4051; x_wconf 87' lang='grc' dir='ltr'>ἱστοριῶν</span> <span class='ocrx_word' id='word_1_276' title='bbox 1454 3991 1578 4051; x_wconf 87' lang='grc' dir='ltr'>γραφο-</span> 
     </span>
     <span class='ocr_line' id='line_1_34' title="bbox 280 4077 1578 4160; baseline 0.002 -19"><span class='ocrx_word' id='word_1_277' title='bbox 280 4077 387 4156; x_wconf 85' lang='grc' dir='ltr'>μένων</span> <span class='ocrx_word' id='word_1_278' title='bbox 407 4078 459 4142; x_wconf 88' lang='grc' dir='ltr'>καὶ</span> <span class='ocrx_word' id='word_1_279' title='bbox 480 4081 538 4156; x_wconf 87' lang='grc' dir='ltr'>τῆς</span> <span class='ocrx_word' id='word_1_280' title='bbox 560 4079 641 4143; x_wconf 89' lang='grc' dir='ltr'>κατὰ</span> <span class='ocrx_word' id='word_1_281' title='bbox 663 4080 722 4157; x_wconf 88' lang='grc' dir='ltr'>τὴν</span> <span class='ocrx_word' id='word_1_282' title='bbox 745 4080 911 4145; x_wconf 89' lang='grc' dir='ltr'>πολιτείαν</span> <span class='ocrx_word' id='word_1_283' title='bbox 932 4077 1097 4156; x_wconf 84' lang='grc' dir='ltr'>ἀλλαγῆς·</span> <span class='ocrx_word' id='word_1_284' title='bbox 1120 4083 1187 4145; x_wconf 86' lang='grc' dir='ltr'>τῶν</span> <span class='ocrx_word' id='word_1_285' title='bbox 1215 4081 1276 4160; x_wconf 88' lang='grc' dir='ltr'>γὰρ</span> <span class='ocrx_word' id='word_1_286' title='bbox 1296 4079 1463 4160; x_wconf 85' lang='grc' dir='ltr'>Ῥωμαίων</span> <span class='ocrx_word' id='word_1_287' title='bbox 1486 4099 1578 4159; x_wconf 80' lang='grc' dir='ltr'>μετα·</span> 
     </span>
     <span class='ocr_line' id='line_1_35' title="bbox 281 4185 1577 4269; baseline 0.002 -20"><span class='ocrx_word' id='word_1_288' title='bbox 281 4185 406 4251; x_wconf 86' lang='grc' dir='ltr'>δόντων</span> <span class='ocrx_word' id='word_1_289' title='bbox 428 4189 497 4264; x_wconf 89' lang='grc' dir='ltr'>τοῖς</span> <span class='ocrx_word' id='word_1_290' title='bbox 520 4188 726 4267; x_wconf 87' lang='grc' dir='ltr'>Σικελιώταις</span> <span class='ocrx_word' id='word_1_291' title='bbox 748 4191 806 4267; x_wconf 90' lang='grc' dir='ltr'>τῆς</span> <span class='ocrx_word' id='word_1_292' title='bbox 827 4187 1033 4267; x_wconf 92' lang='grc' dir='ltr'>πολιτείαςὴ</span> <span class='ocrx_word' id='word_1_293' title='bbox 1061 4191 1127 4253; x_wconf 84' lang='grc' dir='ltr'>τῶν</span> <span class='ocrx_word' id='word_1_294' title='bbox 1162 4187 1358 4269; x_wconf 85' lang='grc' dir='ltr'>ἀμφιπόλων</span> <span class='ocrx_word' id='word_1_295' title='bbox 1391 4188 1472 4268; x_wconf 84' lang='grc' dir='ltr'>ἀρχὴ</span> <span class='ocrx_word' id='word_1_296' title='bbox 1506 4190 1577 4252; x_wconf 87' lang='grc' dir='ltr'>ἑτα-</span> 
     </span>
     <span class='ocr_line' id='line_1_36' title="bbox 280 4295 1577 4374; baseline -0.001 -17"><span class='ocrx_word' id='word_1_297' title='bbox 280 4295 431 4374; x_wconf 88' lang='grc' dir='ltr'>πεινώθη,</span> <span class='ocrx_word' id='word_1_298' title='bbox 454 4296 644 4374; x_wconf 87' lang='grc' dir='ltr'>διαμείνασα</span> <span class='ocrx_word' id='word_1_299' title='bbox 665 4295 721 4374; x_wconf 87' lang='grc' dir='ltr'>ἔτη</span> <span class='ocrx_word' id='word_1_300' title='bbox 737 4296 837 4361; x_wconf 91' lang='grc' dir='ltr'>πλείω</span> <span class='ocrx_word' id='word_1_301' title='bbox 851 4299 915 4361; x_wconf 86' lang='grc' dir='ltr'>τῶν</span> <span class='ocrx_word' id='word_1_302' title='bbox 930 4295 1123 4374; x_wconf 90' lang='grc' dir='ltr'>τριακοσίων</span> <span class='ocrx_word' id='word_1_303' title='bbox 1130 4295 1151 4358; x_wconf 78' lang='lat'>³.</span> <span class='ocrx_word' id='word_1_304' title='bbox 1195 4299 1471 4358; x_wconf 86' lang='lat' dir='ltr'>Vehementissime</span> <span class='ocrx_word' id='word_1_305' title='bbox 1486 4300 1577 4374; x_wconf 87' lang='lat' dir='ltr'>igitur</span> 
     </span>
    </p>
   </div>
   <div class='ocr_carea' id='block_1_3' title="bbox 280 4502 1574 4768">
    <p class='ocr_par' dir='ltr' id='par_1_7' title="bbox 280 4502 1574 4768">
     <span class='ocr_line' id='line_1_37' title="bbox 380 4502 1285 4574; baseline 0.003 -18"><span class='ocrx_word' id='word_1_306' title='bbox 380 4502 391 4540; x_wconf 88' lang='lat'>¹</span> <span class='ocrx_word' id='word_1_307' title='bbox 410 4505 469 4556; x_wconf 90' lang='lat' dir='ltr'>CIL</span> <span class='ocrx_word' id='word_1_308' title='bbox 486 4507 517 4556; x_wconf 90' lang='lat' dir='ltr'><strong>X</strong></span> <span class='ocrx_word' id='word_1_309' title='bbox 532 4523 558 4572; x_wconf 91' lang='lat' dir='ltr'>p.</span> <span class='ocrx_word' id='word_1_310' title='bbox 580 4505 641 4559; x_wconf 76' lang='lat'>713.</span> <span class='ocrx_word' id='word_1_311' title='bbox 790 4503 803 4540; x_wconf 67' lang='lat'>²</span> <span class='ocrx_word' id='word_1_312' title='bbox 821 4507 874 4558; x_wconf 87' lang='lat' dir='ltr'>Cic.</span> <span class='ocrx_word' id='word_1_313' title='bbox 893 4506 964 4558; x_wconf 90' lang='lat' dir='ltr'>Phil.</span> <span class='ocrx_word' id='word_1_314' title='bbox 984 4505 1025 4572; x_wconf 80' lang='lat'>12,</span> <span class='ocrx_word' id='word_1_315' title='bbox 1045 4505 1070 4574; x_wconf 85' lang='lat'>5,</span> <span class='ocrx_word' id='word_1_316' title='bbox 1090 4505 1115 4558; x_wconf 80' lang='lat'>2.</span> <span class='ocrx_word' id='word_1_317' title='bbox 1153 4506 1195 4567; x_wconf 89' lang='grc'>13,</span> <span class='ocrx_word' id='word_1_318' title='bbox 1214 4506 1240 4567; x_wconf 90' lang='grc'>3,</span> <span class='ocrx_word' id='word_1_319' title='bbox 1260 4505 1285 4559; x_wconf 80' lang='lat'>5.</span> 
     </span>
     <span class='ocr_line' id='line_1_38' title="bbox 380 4599 1574 4670; baseline 0.002 -18"><span class='ocrx_word' id='word_1_320' title='bbox 380 4599 392 4636; x_wconf 75' lang='lat'>³</span> <span class='ocrx_word' id='word_1_321' title='bbox 409 4603 427 4655; x_wconf 91' lang='lat' dir='ltr'>i.</span> <span class='ocrx_word' id='word_1_322' title='bbox 449 4617 471 4655; x_wconf 87' lang='lat' dir='ltr'>e.</span> <span class='ocrx_word' id='word_1_323' title='bbox 488 4603 522 4654; x_wconf 83' lang='lat' dir='ltr'>ab</span> <span class='ocrx_word' id='word_1_324' title='bbox 541 4621 563 4655; x_wconf 87' lang='lat' dir='ltr'>a.</span> <span class='ocrx_word' id='word_1_325' title='bbox 584 4618 607 4654; x_wconf 82' lang='lat' dir='ltr'>a.</span> <span class='ocrx_word' id='word_1_326' title='bbox 628 4603 658 4654; x_wconf 89' lang='lat' dir='ltr'>C.</span> <span class='ocrx_word' id='word_1_327' title='bbox 677 4601 739 4670; x_wconf 78' lang='lat'><strong>347,</strong></span> <span class='ocrx_word' id='word_1_328' title='bbox 757 4619 811 4668; x_wconf 91' lang='lat' dir='ltr'>quo</span> <span class='ocrx_word' id='word_1_329' title='bbox 828 4609 948 4668; x_wconf 86' lang='lat' dir='ltr'>tempore</span> <span class='ocrx_word' id='word_1_330' title='bbox 967 4601 1045 4665; x_wconf 84' lang='grc' dir='ltr'>Γάιος</span> <span class='ocrx_word' id='word_1_331' title='bbox 1063 4601 1206 4666; x_wconf 86' lang='grc' dir='ltr'>Πλαύτιος</span> <span class='ocrx_word' id='word_1_332' title='bbox 1225 4609 1251 4653; x_wconf 86' lang='lat' dir='ltr'>et</span> <span class='ocrx_word' id='word_1_333' title='bbox 1263 4603 1347 4666; x_wconf 83' lang='grc' dir='ltr'>Τῖτος</span> <span class='ocrx_word' id='word_1_334' title='bbox 1358 4601 1483 4667; x_wconf 83' lang='grc' dir='ltr'>Μάλλιος</span> <span class='ocrx_word' id='word_1_335' title='bbox 1501 4609 1574 4654; x_wconf 88' lang='lat' dir='ltr'>erant</span> 
     </span>
     <span class='ocr_line' id='line_1_39' title="bbox 280 4697 1041 4768; baseline -0.001 -17"><span class='ocrx_word' id='word_1_336' title='bbox 280 4699 401 4751; x_wconf 88' lang='lat' dir='ltr'>consules</span> <span class='ocrx_word' id='word_1_337' title='bbox 419 4699 513 4768; x_wconf 86' lang='lat' dir='ltr'>(Diod.</span> <span class='ocrx_word' id='word_1_338' title='bbox 532 4700 575 4768; x_wconf 82' lang='lat'>16,</span> <span class='ocrx_word' id='word_1_339' title='bbox 593 4698 637 4767; x_wconf 79' lang='lat'>70,</span> <span class='ocrx_word' id='word_1_340' title='bbox 657 4698 693 4766; x_wconf 81' lang='lat'>1),</span> <span class='ocrx_word' id='word_1_341' title='bbox 711 4715 794 4765; x_wconf 89' lang='lat' dir='ltr'>usque</span> <span class='ocrx_word' id='word_1_342' title='bbox 812 4699 846 4750; x_wconf 88' lang='lat' dir='ltr'>ad</span> <span class='ocrx_word' id='word_1_343' title='bbox 865 4715 888 4750; x_wconf 88' lang='lat' dir='ltr'>a.</span> <span class='ocrx_word' id='word_1_344' title='bbox 908 4714 931 4752; x_wconf 90' lang='lat' dir='ltr'>a.</span> <span class='ocrx_word' id='word_1_345' title='bbox 950 4699 978 4750; x_wconf 91' lang='lat' dir='ltr'>C.</span> <span class='ocrx_word' id='word_1_346' title='bbox 997 4697 1041 4754; x_wconf 83' lang='lat'>44.</span> 
     </span>
    </p>
   </div>
   <div class='ocr_carea' id='block_1_4' title="bbox 0 0 1826 5242">
    <p class='ocr_par' dir='ltr' id='par_1_8' title="bbox 0 0 1826 5242">
     <span class='ocr_line' id='line_1_40' title="bbox 0 0 1826 5242; baseline 0 0"><span class='ocrx_word' id='word_1_347' title='bbox 0 0 1826 5242; x_wconf 95' lang='lat' dir='ltr'> </span> 
     </span>
    </p>
   </div>
  </div>
 </body>
</html>
