3634 5248
874 370 914 430 43

247 555 335 614 Plinii
356 555 554 631 municipium
577 571 645 612 esse
669 562 755 630 puto,
790 561 873 612 certe
899 570 962 612 non
992 561 1057 611 erat
1083 553 1216 612 dirutum
1243 553 1325 629 illud,
1358 572 1430 612 nam
1454 555 1542 613 titulo

246 665 312 724 CIL
335 665 407 728 VIII
429 684 458 724 n.
484 667 563 724 1233
596 665 707 722 aedem
735 664 864 722 Telluris
891 663 974 722 urbis
1001 663 1065 722 eius
1096 681 1123 723 a.
1146 683 1172 724 a.
1195 663 1229 724 C.
1252 665 1270 722 2
1302 664 1447 724 refectam
1472 682 1543 724 esse

250 775 464 850 comperimus
508 773 646 830 Alteram
659 773 781 848 Vagam
801 773 938 831 nominat
953 772 1146 832 Ptolemaeus
1170 769 1212 850 (l,
1225 777 1254 847 3,
1269 771 1323 846 28)
1345 773 1376 830 in
1397 773 1542 833 Numidia

248 887 325 944 inter
347 884 534 960 Ampsagam
556 883 679 940 fluvium
709 892 740 942 et
763 883 958 941 Thabracam
984 881 1081 941 sitam.
1126 882 1216 940 Hanc
1244 901 1315 940 eam
1344 892 1418 958 puto
1450 901 1542 958 quam

247 993 359 1052 Plinius
380 993 460 1050 inter
481 992 597 1069 oppida
619 992 716 1050 libera
738 991 835 1068 ponit.
880 991 1037 1050 Strabonis
1060 992 1209 1066 oppidum
1234 991 1308 1050 mihi
1329 991 1451 1050 videtur
1472 1009 1542 1050 esse

245 1102 380 1172 tertium,
414 1104 500 1178 quod
534 1104 706 1160 secundum
734 1111 891 1160 auctorem
913 1101 981 1159 belli
1003 1101 1139 1160 Africani
1162 1098 1200 1175 (c.
1219 1097 1274 1176 74)
1296 1101 1455 1160 finitimum
1477 1111 1544 1160 erat

246 1214 342 1271 Zetae
365 1221 396 1271 et
417 1230 436 1268 a
458 1229 530 1286 rege
551 1211 629 1268 Iuba
650 1211 791 1268 omnibus
814 1210 921 1270 incolis
944 1211 985 1268 ad
1009 1227 1103 1268 unum
1125 1211 1295 1269 Interfectis
1311 1209 1455 1269 militibus
1471 1211 1542 1269 diri·

244 1323 394 1398 piendum
416 1322 643 1396 delendumque
666 1321 773 1378 datum
795 1327 852 1380 est.
897 1319 974 1379 Zeta
994 1329 1097 1378 autem
1113 1322 1220 1379 aberat
1235 1339 1254 1380 a
1269 1321 1418 1397 Scipionis
1437 1321 1542 1379 castris

245 1432 305 1492 mil.
322 1449 401 1508 pass.
417 1432 454 1490 X.
499 1429 592 1488 Certe
614 1429 705 1504 igitur
727 1427 817 1504 Vaga
838 1427 944 1487 deleta
970 1446 1034 1486 non
1056 1429 1144 1488 nimIs
1167 1430 1260 1507 longo
1283 1430 1384 1507 spatio
1407 1429 1543 1488 distabat

246 1561 264 1598 a
288 1541 425 1617 Thapso

346 1650 410 1709 Sed
432 1649 540 1708 Strabo
563 1649 582 1709 l.
604 1649 623 1708 l.
647 1649 707 1708 alla
728 1647 831 1718 refert,
865 1647 975 1722 quibus
1006 1647 1084 1706 fides
1114 1647 1260 1706 habenda
1287 1665 1351 1706 non
1381 1655 1437 1707 est.
1481 1645 1544 1704 No·

248 1761 344 1819 minat
366 1760 444 1818 inter
469 1758 608 1818 civitates
623 1758 740 1816 dirutas
757 1756 922 1832 Thapsum,
946 1773 1026 1831 quae
1048 1765 1170 1832 praeter
1185 1755 1236 1814 HS
1253 1756 1315 1814 XX
1332 1757 1457 1815 multam
1472 1756 1543 1814 nihil

247 1879 294 1927 est
308 1886 400 1946 passa
415 1863 445 1945 (l.
457 1863 499 1945 1.).
523 1867 685 1928 Cercinam
700 1867 830 1926 insulam
846 1874 879 1925 et
895 1867 1037 1924 Thenam
1053 1865 1218 1926 Caesarem
1233 1862 1265 1930 ἐξ
1282 1863 1408 1943 ἐφόδου
1424 1867 1544 1944 cepisse

249 1978 323 2037 dicit
343 1978 400 2037 has
423 1995 547 2054 quoque
570 1977 686 2036 deinde
708 1995 836 2035 numero
859 1977 1027 2035 dirutarum
1056 1977 1187 2038 addens.
1231 1977 1295 2036 Sed
1317 1976 1503 2036 Cercinitani
1525 1993 1543 2034 a

246 2089 382 2166 partibus
412 2088 535 2146 stabant
562 2086 702 2147 Caesaris
726 2087 966 2164 Sallustiumque
997 2096 1172 2164 praetorem
1200 2089 1239 2146 ab
1266 2106 1304 2146 eo
1337 2087 1544 2146 frumentandi

248 2216 343 2258 causa
364 2197 489 2256 missum
510 2205 701 2274 receperunt,
724 2213 818 2272 quare
841 2215 904 2254 non
927 2197 1046 2266 dubito,
1069 2198 1141 2274 quin
1165 2197 1346 2266 libertatem,
1376 2215 1468 2274 quam
1489 2197 1543 2254 ha·

250 2308 324 2366 bent
348 2307 431 2382 apud
452 2305 633 2380 Augustum,
663 2325 682 2362 a
703 2304 837 2364 Caesare
858 2312 924 2362 tum
947 2305 1132 2381 acceperint.
1175 2305 1262 2363 ldem
1285 2306 1327 2362 de
1349 2304 1461 2364 Thena
1482 2313 1544 2363 sta·

250 2417 401 2474 tuendum
423 2424 480 2473 est
525 2415 629 2488 Quare
651 2414 711 2472 iam
735 2414 923 2490 supersedeo
946 2415 987 2472 de
1011 2415 1120 2472 ceteris
1144 2415 1266 2491 oppidis
1282 2435 1301 2474 a
1315 2415 1465 2474 Strabone
1487 2435 1543 2473 no-

248 2525 371 2603 minatis
394 2524 486 2601 loqui,
531 2524 593 2597 Qui
621 2524 654 2582 id
687 2525 772 2600 quod
802 2525 843 2582 de
870 2524 1022 2582 nonnullis
1052 2523 1174 2599 oppidis
1204 2533 1288 2583 recte
1318 2524 1480 2584 dicebatur
1503 2526 1544 2584 ad

248 2637 341 2694 multa
363 2635 483 2692 videtur
504 2634 690 2694 extendisse.

347 2743 518 2820 Municipia
541 2743 683 2801 dicuntur
704 2743 735 2800 in
757 2743 908 2802 indicibus
931 2743 1023 2800 etiam
1045 2743 1176 2801 Assuras
1199 2752 1232 2802 et
1252 2743 1311 2802 Uci
1331 2743 1443 2805 Maius.
1486 2745 1544 2804 As·

248 2875 333 2916 suras
352 2855 447 2914 habet
467 2855 498 2912 in
522 2852 609 2912 titulo
633 2852 699 2912 CIL
716 2852 789 2910 VIII
811 2855 938 2914 n.1798
961 2854 1071 2912 aetatis
1087 2853 1270 2912 Severianae
1293 2855 1435 2914 coloniae
1449 2855 1544 2913 Iuliae

248 2983 368 3024 nomen.
414 2965 484 3022 Fuit
510 2963 620 3040 opinor
646 2963 844 3040 municipium
867 2963 978 3022 Iulium
1001 2981 1019 3020 a
1042 2962 1177 3022 Caesare
1199 2972 1253 3022 aut
1274 2963 1447 3023 Octaviano
1470 2983 1543 3022 con·

253 3075 391 3132 stitutum
415 3083 447 3132 et
467 3092 582 3131 nomen
605 3081 670 3131 tum
697 3082 857 3148 acceptum
883 3075 1013 3132 servavit
1045 3091 1107 3150 quo
1141 3081 1278 3150 tempore
1310 3075 1431 3133 colonia
1461 3075 1544 3134 facta

249 3193 306 3244 est.
349 3183 544 3258 Imperatoris
572 3200 640 3240 eam
669 3183 856 3242 deducentis
885 3201 999 3242 nomen
1026 3183 1170 3242 omissum
1204 3191 1253 3241 est
1284 3183 1314 3240 in
1347 3184 1443 3243 titulo.
1486 3183 1545 3242 Uei

250 3294 351 3352 Maius
384 3293 558 3350 nominatur
591 3293 622 3350 in
657 3293 752 3350 titulis
785 3311 865 3352 saec.
893 3294 943 3351 III.
970 3303 1003 3352 et
1024 3293 1077 3354 IV.
1100 3293 1221 3351 colonia
1243 3293 1383 3351 Mariana
1405 3293 1545 3369 Augusta

247 3403 479 3463 Alexandriana
505 3400 725 3460 Uchitanorum
754 3401 906 3460 Malorum
938 3398 1029 3478 (Eph.
1052 3402 1146 3479 epigr.
1160 3401 1198 3459 *V
1219 3421 1248 3462 n.
1269 3404 1339 3463 559.
1363 3397 1450 3478 561).
1493 3402 1545 3460 Ad

247 3513 333 3591 quod
365 3528 479 3569 nomen
513 3511 730 3586 eprIcaudum
758 3511 824 3570 Ioh.
848 3511 1033 3569 Schmidtius
1064 3511 1095 3586 (l.
1119 3507 1151 3586 l.)
1185 3511 1285 3569 locum
1308 3511 1408 3570 adfert
1430 3511 1545 3570 Aurelii

247 3622 381 3680 Victoris
404 3621 444 3676 de
467 3619 517 3680 vir.
540 3619 579 3681 ill.
605 3622 643 3680 73
671 3619 708 3680 L.
730 3619 891 3696 Appulcrirs
913 3617 1098 3678 Saturninus
1120 3662 1127 3678 .
1151 3663 1158 3679 .
1182 3668 1188 3680 .
1212 3626 1246 3676 ut
1261 3621 1402 3696 gratiam
1423 3620 1544 3678 Maria·

248 3751 349 3790 norum
375 3730 501 3788 militum
524 3735 660 3802 pararet,
696 3731 786 3806 legem
812 3731 885 3788 tulit
909 3736 944 3786 ut
969 3731 1115 3786 veteranis
1143 3736 1261 3787 centena
1288 3731 1363 3806 agri
1383 3731 1489 3805 iugero
1513 3732 1544 3787 in

249 3839 359 3918 Africa
388 3840 598 3898 dividerentur.
643 3839 831 3898 Deductioni
859 3859 878 3898 a
905 3839 938 3899 C.
962 3839 1060 3898 Mario
1088 3840 1229 3916 inceptae
1258 3841 1430 3915 Augustum
1457 3842 1544 3898 novis

250 3950 367 4008 colonis
394 3949 493 4007 missis
520 3948 706 4006 succurrisse
732 3957 830 4023 putat.
874 3949 902 4006 A
924 3949 1023 4006 Mario
1045 3967 1084 4006 eo
1108 3950 1262 4008 deductos
1291 3968 1361 4008 esse
1381 3957 1544 4007 veteranos

247 4060 321 4118 mihi
343 4077 467 4134 quoque
489 4059 647 4135 probabile
670 4059 799 4125 videtur,
835 4067 867 4116 at
888 4067 964 4135 puto
988 4060 1140 4116 coloniam
1163 4060 1363 4118 constitutam
1386 4075 1455 4132 esse
1477 4060 1544 4116 nul-

249 4169 389 4226 lamsed
411 4168 545 4243 singulas
568 4168 665 4226 factas
688 4185 757 4226 esse
779 4167 1013 4243 assignationes.
1058 4167 1179 4226 Nomen
1194 4168 1353 4227 Marianae
1375 4169 1491 4225 deinde
1513 4169 1545 4224 in

248 4277 336 4334 huius
359 4275 402 4332 rei
423 4277 602 4334 memoriam
625 4277 737 4334 eodem
760 4285 908 4352 tempore,
932 4295 993 4353 quo
1013 4285 1116 4336 cetera
1132 4277 1257 4336 nomina
1272 4277 1375 4335 omnia
1390 4277 1456 4334 urbi
1471 4295 1545 4334 con·

249 4402 336 4444 cessa
359 4393 439 4454 sunt,
462 4385 593 4442 inditum
615 4393 689 4460 puto
711 4385 729 4444 i.
752 4403 779 4446 e.
801 4386 969 4444 Alexandri
990 4385 1102 4443 Severi.

349 4492 506 4570 Oppidum
529 4493 674 4552 Latinum
697 4495 781 4570 apud
796 4494 969 4570 Augustum
989 4495 1164 4552 noquatur
1185 4492 1296 4554 Uzalis.
1341 4492 1445 4566 Quod,
1467 4510 1544 4568 quo·

247 4602 331 4662 niam
352 4604 383 4661 in
405 4604 475 4678 lege
501 4603 620 4678 agraria
641 4621 669 4662 a.
695 4622 722 4662 a.
746 4604 781 4664 C.
807 4605 864 4664 111
894 4603 1002 4662 dicitur
1030 4603 1166 4671 liberum,
1199 4611 1309 4678 postea
1331 4603 1377 4662 ius
1399 4603 1544 4664 Latinum

248 4711 394 4787 adeptum
414 4731 485 4774 esse
506 4713 757 4774 existimabimus.
