3634 5242
881 372 899 429 6

243 551 369 627 quidem
392 547 587 610 commutavit
609 549 794 624 oppidorum
815 549 941 608 nomina
963 568 1018 624 pro
1039 548 1167 608 ethnicis
1191 567 1376 626 supponens,
1400 554 1458 610 sed
1476 554 1539 626 ple·

243 681 370 739 rumque
394 662 452 720 hoc
473 662 577 719 labore
599 660 773 737 supersedit
795 659 1006 736 genuinasque
1028 659 1141 718 formas
1162 655 1317 720 servavit¹.

342 772 413 845 Quo
436 772 637 830 fundamento
659 771 705 827 usi
729 769 753 826 si
788 769 1054 845 circumspicimus
1089 787 1163 827 num
1184 769 1216 826 in
1247 771 1408 846 provinciis
1446 772 1538 829 etiam

145 917 147 922 -
243 881 445 956 depingendis
467 881 579 939 Plinius
601 881 774 956 Augustum
796 877 977 949 adhibuerit,
1010 877 1098 938 facile
1120 879 1331 954 intellegemus
1365 880 1397 938 id
1424 881 1538 938 lactum

243 1007 310 1047 esse
332 991 363 1047 in
395 989 649 1064 descriptionibus
672 986 887 1062 Hispaniarum
914 986 1032 1046 Galliae
1055 986 1263 1046 Narbonensis
1284 987 1391 1065 Illyrici
1421 989 1538 1049 Siciliae

242 1097 372 1158 Africae.
414 1100 450 1156 In
471 1099 591 1175 quibus,
613 1107 647 1154 ut
669 1098 700 1154 in
722 1097 819 1165 Italia,
842 1097 979 1154 laterculi
994 1096 1178 1173 alphabetici
1193 1107 1357 1155 occurrunt
1379 1100 1537 1157 nominum

241 1205 355 1266 ethnici
377 1209 474 1266 forma
496 1208 685 1284 scriptorum.
729 1206 861 1276 Deinde,
881 1215 915 1266 ut
936 1205 967 1264 in
988 1205 1076 1265 Italia
1089 1207 1231 1264 coloniae
1247 1226 1266 1266 a
1282 1210 1391 1268 ceteris
1417 1209 1537 1285 oppidis

242 1317 463 1392 discernuntur,
486 1318 529 1376 ita
543 1317 574 1374 in
596 1316 642 1374 his
664 1317 825 1393 provinciis
849 1317 930 1374 varia
953 1315 1119 1374 civitatium
1141 1334 1265 1392 genera,
1290 1335 1369 1393 quae
1392 1318 1464 1376 iuris
1479 1319 1538 1394 pri·

240 1427 480 1504 vilegiorumque
513 1426 687 1486 diversitate
710 1425 890 1503 efficiuntur,
913 1433 1056 1484 accurate
1087 1425 1224 1484 videmus
1254 1425 1406 1486 distincta.
1452 1425 1537 1499 Quas

241 1537 412 1613 provincias
434 1537 581 1595 maiorem
603 1535 719 1613 imperii
742 1535 938 1594 occidentalis
960 1543 1079 1610 partem
1112 1535 1355 1613 complectentes
1386 1537 1538 1596 tractabo,

241 1644 312 1704 Non
331 1647 470 1704 tractabo
493 1645 684 1702 Pannoniam
706 1644 852 1702 Achaiam
873 1643 989 1719 Syriam
1011 1642 1148 1702 Ciliciam
1171 1644 1294 1722 Lyciam
1317 1645 1422 1702 Asiam
1446 1645 1534 1704 Gala·

240 1756 324 1814 tiam.
367 1753 446 1813 Nam
469 1753 521 1829 qui
554 1753 585 1810 in
617 1752 653 1810 iis
685 1752 820 1811 laterculi
842 1752 1024 1828 oppidorum
1045 1761 1153 1812 extant
1175 1751 1380 1829 alphabetici²
1406 1755 1535 1829 primum

240 1865 337 1922 multo
359 1871 430 1921 sunt
450 1863 603 1922 breviores
620 1862 745 1930 ceteris,
768 1861 883 1920 deinde
906 1863 996 1920 deest
1018 1871 1161 1920 accurata
1192 1862 1265 1920 iuris
1298 1863 1534 1939 uniuscuiusque

241 1972 372 2031 civitatis
392 1972 518 2040 mentio,
542 1972 664 2030 tertium
687 1970 800 2029 Plinius
825 1973 857 2028 in
881 1971 1000 2028 oriente
1022 1971 1116 2030 multo
1140 1971 1263 2048 saepius
1286 1974 1377 2046 quam
1401 1973 1430 2028 in
1455 1973 1535 2031 occi-

241 2083 338 2140 dente
360 2082 407 2140 sui
429 2089 482 2140 aut
505 2080 666 2140 Claudiani
689 2081 834 2158 temporis
868 2080 961 2138 utitur
994 2079 1138 2142 sontibus.
1192 2081 1322 2140 Accedit
1351 2083 1435 2156 quod
1467 2101 1536 2158 pro·

243 2191 359 2249 vinciae
380 2191 451 2248 illae
472 2191 572 2267 priore
595 2193 663 2250 loco
685 2192 862 2250 nominatae
877 2191 950 2250 satis
964 2207 1107 2266 magnam
1122 2191 1271 2266 praebent
1284 2190 1451 2262 materiam,
1475 2208 1536 2267 qua

243 2309 392 2376 congesta
413 2301 454 2360 de
477 2301 608 2375 Augusti
627 2301 702 2360 libro
718 2301 853 2360 iudicare
868 2298 1030 2376 possimus.
1067 2297 1170 2370 Quare
1185 2299 1350 2358 orientales
1365 2301 1537 2376 provincias

243 2429 370 2488 sepone,
405 2427 531 2488 sperans
564 2410 637 2468 mihi
663 2411 746 2468 haud
762 2488 765 2496 Ι
782 2411 825 2466 ita
859 2411 951 2485 longo
981 2409 1127 2486 temporis
1159 2409 1315 2468 intervallo
1342 2411 1537 2472 occasionem

243 2523 384 2592 suturam,
407 2539 487 2597 quae
509 2523 550 2580 de
572 2539 676 2578 earum
699 2520 852 2578 laterculis
872 2519 986 2594 iudim,
1007 2519 1038 2578 in
1060 2520 1158 2578 lucem
1178 2518 1365 2595 proferendi.
1423 2513 1424 2516 ’

342 2632 416 2708 Iam,
438 2639 472 2688 ut
485 2627 751 2690 commentationis
767 2629 913 2706 explicem
929 2629 1172 2704 dispositionem,
1191 2629 1310 2688 initium
1324 2647 1373 2686 me
1389 2630 1537 2691 iacturum

242 2741 314 2800 dico
348 2743 389 2800 ab
410 2740 568 2816 Hispania,
601 2739 716 2798 deinde
740 2739 868 2800 Galliam
890 2738 1123 2798 Narbonensem
1145 2739 1264 2796 Italiam
1285 2739 1434 2816 Illyricum
1463 2741 1537 2799 Sici-

242 2852 313 2910 liam
328 2851 460 2908 Africam
482 2857 688 2909 tractaturum.
732 2848 866 2918 Deinde,
888 2849 940 2906 ubi
962 2849 994 2907 id
1009 2849 1094 2922 quod
1109 2865 1221 2922 magna
1236 2867 1302 2908 cum
1322 2850 1537 2937 probabilitate

241 2959 369 3037 conieci,
391 2959 513 3016 fluxisse
537 2976 645 3017 omnes
667 2959 734 3016 illos
755 2959 917 3016 laterculos
948 2975 986 3014 ex
1008 2958 1163 3032 Augusto,
1197 2959 1360 3034 praecipue
1390 2961 1536 3035 temporis

241 3087 302 3145 quo
325 3069 487 3146 compositi
509 3076 581 3126 sunt
601 3075 742 3129 accurata
764 3067 941 3126 definitione
964 3068 1216 3142 comprobavere,
1238 3068 1330 3128 finem
1353 3069 1461 3128 faciam
1484 3089 1539 3128 ex-

240 3179 386 3255 plicando
408 3181 567 3256 quomodo
587 3194 643 3237 eos
664 3186 748 3237 ortos
770 3195 840 3236 esse
862 3179 1033 3254 putandum
1052 3177 1100 3236 sit.

812 3415 961 3426 ...-.--.

744 3636 774 3711 1.
799 3635 1021 3732 Hispania.

338 3829 389 3888 De
425 3828 593 3906 Hispaniae
630 3829 715 3890 Plinii
751 3829 958 3908 descriptione
996 3829 1139 3905 quoniam
1175 3827 1373 3887 Detlessenus
1414 3831 1538 3906 egregie

239 3934 413 4008 dissensiti,
434 3939 534 3998 brevis
558 3955 628 4000 esse
649 3957 785 4016 possum.

338 4134 409 4188 ¹De
428 4138 529 4189 ratione
547 4137 629 4190 Plinii
646 4139 780 4191 scribendi
798 4140 970 4207 Augustique
996 4139 1093 4192 librum
1123 4156 1182 4192 curn
1206 4140 1301 4193 ceteris
1328 4140 1443 4191 sontibus
1472 4156 1535 4192 con·

238 4235 344 4287 texendi
365 4235 398 4288 ci.
416 4235 592 4286 Bonnannum
609 4235 627 4288 l.
647 4234 666 4288 l.
684 4253 710 4302 p.
724 4235 838 4290 33-40.

338 4327 649 4385 tn.h.111148.1v
667 4330 710 4385 ss.
729 4333 756 4382 v
774 4331 818 4386 81.
836 4313 941 4386 sasas.
962 4331 1021 4385 101.
1042 4331 1101 4386 145.
1122 4331 1181 4386 147.

338 4423 434 4496 ⁸1.1.,
465 4429 519 4478 Die
544 4431 718 4494 geographie
742 4431 791 4478 der
814 4433 930 4495 provinz
954 4430 1067 4480 Baetica
1093 4433 1136 4480 bei
1161 4432 1277 4483 Plinius.
1329 4429 1428 4483 Philol.
1446 4429 1536 4480 XXX

239 4543 265 4592 p.
284 4524 435 4594 265-310,
458 4527 513 4576 Die
527 4528 701 4592 geographie
720 4529 768 4576 der
787 4529 1057 4578 tarraconensisclsen
1072 4531 1188 4592 provinz
1215 4531 1258 4579 bei
1283 4529 1401 4580 Plinius.
1438 4527 1536 4578 Philol.

237 4621 357 4670 XXXII
378 4635 405 4688 p.
425 4618 573 4680 600-ss68,
594 4621 648 4670 Die
657 4622 831 4686 geographie
849 4623 898 4670 der
912 4623 1026 4685 provinz
1044 4623 1204 4672 Lusitanien
1223 4625 1266 4672 lei
1283 4624 1401 4676 Plinius.
1438 4623 1535 4676 Philol.

238 4717 371 4768 xxxvr
390 4732 416 4783 p.
437 4714 585 4771 111-128.
1324 4704 1326 4708 ’
