3634 5242
863 351 903 408 49

226 541 339 611 longos
361 535 429 592 illos
446 533 574 608 Augusti
593 533 714 591 indices
738 534 766 590 in
791 545 861 592 acta
884 536 995 593 relatos
1019 552 1088 592 esse
1111 553 1202 592 nemo
1223 536 1353 610 putabit.
1398 534 1435 591 id
1458 553 1535 612 quo-

233 663 294 720 que
318 662 382 702 non
403 641 560 718 probabile
583 650 631 699 est
653 640 782 700 Plinium
808 659 863 700 eos
891 644 922 700 in
949 643 1072 700 archivo
1103 644 1224 702 abditos
1249 644 1459 718 descripsisse,
1493 645 1535 703 ad

235 754 320 829 quod
345 753 370 810 si
391 752 418 807 ei
442 752 544 808 aditus
565 751 725 828 patuisset,
747 752 794 809 sui
816 753 891 810 certi
913 753 1060 840 temporis
1084 753 1246 811 laterculos
1268 754 1480 828 excerpsisset.

335 861 439 934 Quare
461 863 523 919 iam
547 880 610 920 non
633 863 741 920 dubito
762 863 835 938 quin
854 863 972 920 indices
995 863 1034 920 ab
1054 862 1196 937 Augusto
1219 863 1284 920 libri
1307 861 1405 920 forma
1424 863 1535 921 suerint

234 973 318 1031 editi.
365 969 469 1042 Quam
492 989 603 1029 census
627 970 775 1029 lonnulae
797 972 967 1030 editionem
983 973 1022 1029 ab
1037 971 1179 1046 Augusto
1200 972 1369 1029 institutam
1391 990 1456 1028 rem
1479 971 1534 1028 sub

232 1081 361 1156 imperio
385 1081 480 1138 fuisse
503 1081 687 1155 singularem
711 1090 741 1138 et
764 1099 857 1155 quam
877 1082 1080 1156 imperatores
1104 1082 1329 1156 subsequentes
1349 1079 1413 1138 riou
1429 1080 1536 1138 imitati

232 1189 303 1267 sint,
336 1189 396 1247 hoc
420 1201 452 1246 et
475 1189 576 1264 ipsum
600 1207 638 1247 eo
663 1191 891 1248 demonstratur
912 1193 998 1267 quod
1021 1189 1135 1248 Plinius
1159 1190 1313 1248 laterculis
1342 1191 1436 1246 utitur
1462 1197 1535 1246 ante

234 1298 394 1373 octoginta
420 1296 483 1354 lere
508 1315 606 1354 annos
629 1299 758 1374 scriptis
802 1299 988 1357 Breviarium
1011 1300 1084 1357 illud
1111 1299 1236 1376 imperii,
1271 1299 1355 1372 quod
1378 1299 1534 1372 Augustus

235 1426 261 1466 a.
284 1425 313 1482 p.
337 1405 370 1466 C.
393 1408 433 1465 14
456 1404 581 1464 Tiberio
602 1407 732 1484 reliquit,
763 1409 801 1465 ab
823 1409 882 1466 hoc
906 1409 1038 1484 Augusti
1057 1409 1133 1466 libro
1155 1409 1311 1465 diversum
1333 1415 1417 1482 puto.
1462 1380 1533 1479 Quo

234 1524 317 1578 certe
338 1515 455 1591 imperii
482 1517 697 1574 continebatur
720 1525 819 1574 status
842 1525 876 1573 ut
898 1527 963 1594 erat
985 1518 1096 1575 ultimis
1108 1517 1240 1592 Augusti
1263 1517 1360 1594 annis,
1384 1534 1475 1590 quem
1496 1516 1534 1572 ab

235 1643 274 1683 eo
304 1625 376 1682 anni
405 1643 431 1685 a.
456 1624 530 1684 C.8
562 1625 647 1684 haud
680 1626 876 1683 mediocriter
909 1626 1062 1684 diversum
1094 1626 1188 1684 fuisse
1222 1625 1534 1683 commentationibus

236 1735 311 1792 meis
336 1736 376 1792 de
397 1733 549 1809 Hispania
570 1734 656 1791 Italia
682 1735 782 1792 Sicilia
804 1737 1027 1810 comprobatur.

237 1981 288 2034 102
308 1987 427 2048 triginta
442 1992 532 2050 prope
551 1989 606 2034 iam
624 1989 706 2035 annis
725 1989 849 2036 notitiam
869 1989 927 2035 eius
946 1983 992 2050 (sc,
1011 1981 1190 2051 Britanniae)
1207 1985 1339 2034 Romanis
1368 1987 1454 2034 armis
1481 1999 1535 2033 non

235 2081 312 2128 ultra
329 2082 496 2130 uicinitatem
514 2083 602 2131 siluae
619 2081 781 2132 Caledonioe
793 2082 1032 2148 propagantibus),
1052 2082 1190 2146 septimum
1203 2081 1282 2144 igitur
1299 2095 1353 2129 non
1370 2080 1452 2130 multo
1465 2085 1534 2146 post.

235 2175 311 2224 Libri
328 2175 390 2226 VH.
410 2171 424 2244 ξ
444 2175 586 2228 162-164
604 2184 689 2228 autern
709 2193 778 2227 anno
799 2178 853 2228 sere
873 2177 907 2230 77
926 2178 1035 2243 scriptae
1063 2183 1136 2244 sunt,
1163 2193 1223 2226 nam
1251 2191 1345 2226 census
1369 2177 1534 2242 Vespasiani,

236 2269 283 2332 qui
300 2283 368 2317 anno
390 2271 439 2320 fuit
457 2271 492 2324 73
510 2269 582 2340 (CIL
599 2271 703 2328 11185.
731 2274 882 2324 Wilmauns
902 2289 941 2326 ex.
960 2272 1018 2326 Ln.
1033 2271 1106 2342 919),
1126 2277 1202 2323 intra
1221 2274 1434 2337 quadriennium
1452 2273 1535 2322 luisse

237 2363 338 2416 dicitur,
