3634 5242
870 382 889 440 B

381 565 496 623 minata
519 563 660 624 Castrum
693 563 799 622 Iulium
831 563 904 621 item
939 561 1079 622 Caesaris
1112 562 1334 628 Salutariensis.
1384 563 1528 638 stipen-

302 729 312 746 ,
384 675 508 733 diaria
529 674 655 751 Besaro,
678 673 817 750 Belippo,
832 671 1010 742 Barbesula,
1026 668 1183 747 Blacippo,
1199 669 1307 748 Callet,
1323 670 1430 747 Cappa
1444 668 1530 750 (cum

381 777 530 861 oleastro)
538 779 559 856 1,
591 783 699 860 Iptuci,
721 783 862 851 Iobrona‚
885 781 1031 849 Lascuta,
1055 763 1211 854 Saguntia,
1235 781 1353 857 Saudo,
1374 775 1528 857 Usaepo.“

330 895 494 954 Accedunt
516 893 566 952 alii
589 892 732 963 laterculi,
756 891 865 970 quibus
888 891 980 950 deest
1001 889 1072 948 iuris
1089 890 1218 951 mentio:

384 1005 437 1062 10:
453 999 693 1081 „teeleberrima
707 1003 785 1060 lnter
799 997 898 1059 hunc2
909 1007 942 1058 et
956 999 1065 1060 oceani
1081 1017 1167 1058 oram
1181 998 1213 1058 in
1227 994 1464 1080 mediterraneo)
1475 1001 1529 1060 Se·

302 1137 304 1142 ·
380 1112 453 1186 gida
476 1129 556 1190 quae
577 1112 736 1186 Augurina
759 1109 1003 1186 cognominatur,
1035 1107 1105 1167 Ulia
1134 1126 1215 1185 quae
1238 1109 1390 1179 Fidentia,
1425 1108 1528 1187 Urgao

381 1239 460 1297 quae
482 1219 570 1281 Alba.
614 1221 718 1279 Ebora
739 1237 820 1296 quae
844 1218 980 1293 CerlaliS,
1015 1217 1130 1277 Iliberri
1163 1220 1249 1296 quod
1273 1219 1450 1292 Florentlni,
1481 1220 1530 1278 Ili·

379 1330 452 1406 pula
488 1348 569 1406 quae
591 1329 683 1403 Laus,
717 1328 814 1402 Artigi
848 1328 934 1402 quod
952 1325 1109 1395 Iulienses,
1143 1327 1234 1387 Vesci
1264 1330 1348 1405 quod
1371 1330 1527 1391 Faventia.

381 1439 513 1514 Singilia.
538 1438 668 1514 Ategua,
699 1437 908 1506 Arialdunum,
939 1436 1017 1512 Agla
1036 1435 1147 1505 Minor,
1181 1435 1311 1513 Baebro‚
1346 1438 1456 1498 Castra
1478 1439 1529 1497 Vi·

384 1549 479 1620 naria,
500 1535 691 1624 Cisimbrum,
715 1547 818 1622 Hippo
841 1545 939 1618 Nova,
959 1545 1069 1613 Ilurco,
1102 1543 1195 1620 Osca,
1221 1545 1337 1616 Oscua‚
1368 1548 1528 1626 Succaelo,

383 1656 582 1733 Unditanum,
606 1656 701 1716 Tucci
716 1655 811 1714 Vetus
833 1648 951 1734 (omnia
966 1654 1162 1713 Bastetaniae
1178 1657 1330 1730 vergentis
1346 1658 1387 1716 ad
1403 1651 1527 1736 mare)³.

382 1770 437 1828 13:
461 1765 703 1842 Hispalensis
729 1773 1009 1824 conventus...
1034 1765 1087 1824 14:
1111 1759 1244 1839 (praeter
1265 1764 1343 1824 haec
1357 1765 1388 1823 in
1399 1759 1529 1846 Celtica)

383 1877 522 1952 Acinipo,
541 1877 677 1952 Arunda,
700 1874 821 1951 Arunci,
844 1869 1044 1948 Turobriga4‚
1066 1873 1193 1949 Lastigi,
1216 1873 1351 1951 Salpesa,
1372 1869 1528 1951 vSaepone,

383 1985 519 2061 Serippo.
545 1979 656 2063 (altera
679 1983 831 2056 Baeturia,
866 1999 959 2058 quam
988 1981 1120 2040 diximus
1143 1981 1348 2041 Turdulorum
1371 1976 1414 2061 et)
1449 2002 1528 2042 con-

380 2103 519 2154 ventus
542 2093 818 2162 Cordubensis,
850 2091 958 2164 (habet
990 2090 1105 2168 oppida
1136 2110 1200 2150 non
1221 2085 1379 2171 Ignobilia)
1411 2093 1528 2166 Arsam,

381 2204 559 2280 Mellariam,
581 2203 789 2278 Mirobrigam,
813 2203 943 2277 Regina,
967 2200 1122 2279 Sosintigi,
1147 2197 1356 2278 Sisaponem.“

336 2313 505 2372 Verisimile
527 2321 633 2371 estex
656 2311 796 2387 Augusto
820 2328 888 2368 esse
911 2309 1021 2370 hausta
1043 2327 1082 2367 ea
1104 2328 1184 2387 quae
1206 2311 1246 2369 de
1273 2310 1440 2370 civitatium
1465 2313 1529 2370 iure

241 2423 354 2482 Plinius
376 2423 449 2481 dicit
470 2423 501 2480 in
520 2422 650 2499 periplo:

387 2535 421 2592 8:
446 2531 587 2611 „Malaca
603 2526 686 2606 (cum
701 2525 806 2612 fluvi0)
827 2531 1114 2590 foederatorum.
1159 2529 1287 2592 1V119:
1311 2531 1459 2606 oppidum
1482 2533 1530 2590 cl-

386 2641 484 2700 vium
505 2642 759 2701 Romanorum
791 2642 841 2718 qui
864 2641 1056 2719 appellantur
1079 2639 1249 2718 Augustani
1270 2640 1346 2699 urbe
1369 2641 1445 2700 Iulia
1467 2641 1529 2700 Ga-

380 2752 514 2811 ditana.“

233 2865 264 2922 in
286 2860 540 2938 descriptionibus
563 2860 733 2920 fluviorum:

381 2971 491 3030 11110:
516 2967 755 3038 „Conventus
770 2989 842 3027 vero
858 2969 1174 3029 Cordubensis...
1190 2969 1294 3045 Epora
1314 2967 1529 3026 foederato-

380 3096 525 3138 rum...
550 3076 696 3137 Corduba
731 3079 890 3137 colonia
920 3077 1051 3135 Patricia
1081 3078 1272 3153 cognomine.
1327 3079 1381 3138 ll:
1414 3079 1531 3154 oppida

379 3187 622 3264 Hispalensis
645 3196 911 3246 conventus„
930 3232 936 3246 .
960 3186 1069 3262 Hispal
1091 3187 1245 3245 colonia
1268 3189 1452 3262 cognomine
1468 3189 1530 3246 Ro·

379 3297 531 3358 malensis.
554 3345 560 3358 .
584 3341 592 3356 .
617 3341 623 3356 .
647 3297 828 3356 coloniae
847 3295 948 3355 Hasta
962 3313 1043 3371 quae
1060 3297 1159 3372 Regia
1179 3296 1289 3356 dicitur
1310 3290 1356 3377 (et
1379 3299 1410 3356 in
1432 3299 1529 3355 medl-

380 3401 532 3482 terraneo)
556 3405 651 3465 Asido
681 3424 761 3482 quae
785 3405 960 3466 Caesarina.
1019 3407 1069 3466 12:
1104 3405 1307 3482 Astigitanam
1343 3406 1529 3464 coloniam

379 3508 521 3594 (αεΙΙιιίῑ)ὓ
544 3516 727 3591 cognomine
752 3516 926 3592 Augustam
949 3509 1107 3576 Firmam.“

330 3623 463 3683 Possunt
494 3627 587 3684 etiam
621 3626 681 3684 alia
715 3644 754 3683 ex
777 3627 917 3701 Augusto
950 3644 1019 3685 esse
1052 3634 1207 3703 excerpta,
1242 3626 1298 3685 sed
1331 3625 1409 3684 haec
1442 3626 1530 3684 omit·

233 3736 328 3794 tenda
348 3735 462 3812 putavi.
1511 3715 1519 3732 ’

231 3865 430 3876 -ι-ι--ι-ι-ι-

331 3937 341 3976 ¹
360 3943 449 3993 Recte
466 3940 505 3991 ita
524 3941 639 3994 scribere
659 3941 725 3992 mihi
744 3941 847 3992 videtur
865 3941 1033 3992 Detlesseuus
1053 3938 1162 4009 (Philol.
1181 3937 1257 3992 XXX
1276 3956 1301 4008 p.
1321 3938 1394 4008 308).

329 4035 342 4074 ²
361 4055 398 4090 sc.
418 4037 528 4090 Baetim.

329 4131 390 4186 ⁸In
408 4151 460 4201 qua
477 4135 581 4185 urbium
605 4135 671 4186 serie
689 4142 812 4202 quattuor
831 4133 973 4186 laterculos
992 4133 1098 4201 alphab.
1123 4135 1323 4198 cognoscendos
1346 4149 1404 4187 esse
1425 4134 1529 4185 Detles·

230 4248 305 4283 senus
325 4248 373 4282 suo
392 4232 447 4282 iure
466 4229 597 4280 existimat
623 4229 651 4294 (l.
670 4229 689 4281 l.
708 4247 733 4296 p.
754 4229 814 4282 271.
834 4227 876 4282 72.
896 4227 948 4291 76).
994 4229 1109 4279 Primum
1134 4229 1337 4296 municipiorum
1360 4229 1528 4294 (Segida-Ur-

231 4329 302 4396 gan),
321 4329 431 4380 alterurn
450 4327 605 4378 Latinorum
625 4327 835 4400 (Ebora-Vesci),
854 4326 901 4376 ubi
922 4326 1046 4376 dubitans
1059 4327 1171 4390 Sartr'gr'
1187 4342 1236 4392 pro
1250 4327 1348 4392 Artigi
1364 4326 1451 4390 legere
1463 4327 1528 4396 volt,

231 4426 335 4476 tertium
353 4424 495 4476 liberorum
513 4423 659 4491 (Singilis),
679 4431 800 4490 quartum
820 4423 1052 4490 stipendiariorum
1070 4422 1302 4492 (Ategua-Tucci),
1322 4424 1421 4490 inquo
1444 4423 1529 4474 Undi-

231 4529 326 4573 tanum
344 4537 440 4570 nomen
460 4528 610 4587 corruptum
629 4527 678 4572 est.

328 4613 340 4652 ⁴
359 4618 437 4682 Quod
457 4617 555 4667 ordinis
576 4616 679 4682 alphab.
700 4631 777 4666 causa
794 4616 821 4666 in
839 4617 981 4680 Arabriga
1000 4616 1151 4666 mutandum
1170 4631 1229 4666 esse
1248 4617 1344 4667 conicit
1356 4617 1528 4667 Detlelsenus

229 4715 258 4784 (l.
277 4715 294 4768 l.
313 4732 339 4782 p.
358 4713 428 4776 303).
575 4710 642 4765 l⁵sc.
662 4713 780 4777 Singilis.
