3634 5242
880 327 920 392 34

250 509 403 598 τὰμέρη
423 511 658 596 πορρωτάτω
681 515 933 598 προβιβάσας
955 516 1061 581 πάντα
1076 515 1134 580 τόν
1149 513 1310 596 πρότερον
1327 515 1549 602 ἀγνοούμενον

246 626 349 692 τόπον
372 627 507 706 ἐποίησε
529 631 644 692 πεσεῖν
665 625 711 705 είς
730 627 881 692 σύνταξιν
902 626 1056 706 ἱστορίας.

348 744 376 816 4,
400 743 449 818 19,
472 743 505 800 2:
529 737 665 816 διέμεινε
688 741 716 800 δ’
741 735 820 814 αὕτη
843 734 897 817 (sc.
919 737 939 815 ἡ
960 725 1131 816 Ἀλησία)
1159 736 1266 802 πάντα
1292 737 1350 802 τόν
1373 739 1430 818 ἀφ’
1452 733 1549 820 Ἡρα-

247 846 364 925 κλέους
386 845 506 925 χρόνον
530 846 686 926 ἐλευθέρα
708 847 761 911 καὶ
782 845 968 926 ἀπόρθητος
991 847 1080 926 μέχρι
1107 849 1166 912 τού
1194 849 1264 911 καθ’
1296 846 1381 926 ἡμᾶς
1407 847 1548 926 χρόνου·

247 956 286 1019 τὸ
308 956 344 1019 δὲ
366 958 553 1022 τελευταῖον
585 955 660 1021 ὑπὸ
696 957 812 1020 Γαίου
836 956 1033 1034 Καίσαρος
1067 959 1135 1020 τοῦ
1172 957 1284 1021 διὰτὸ
1318 957 1452 1036 μέγεθος
1484 963 1549 1024 τῶν

246 1064 394 1143 πράξεων
417 1069 510 1129 θεοῦ
532 1067 944 1146 προσαγορευθέντος
964 1065 999 1130 ἐκ
1023 1065 1093 1145 βίας
1116 1065 1270 1131 άλοθσα
1296 1067 1547 1146 συνηναγκάσθη

247 1173 328 1253 μετὰ
349 1172 481 1240 πάντων
502 1178 569 1240 τῶν
591 1174 699 1241 ἄλλων
723 1175 849 1240 Κελτῶν
871 1173 1069 1253 ὑποταγῆναι
1092 1175 1268 1255 Ῥωμαίοις.
1355 1223 1357 1227 ,

350 1290 380 1362 5,
404 1275 453 1363 21,
477 1289 511 1348 2:
534 1290 604 1348 καθ’
626 1285 710 1364 ἡμᾶς
744 1286 780 1349 δέ
814 1283 924 1362 Γάιος
961 1285 1107 1363 Καῖσαρ
1139 1285 1158 1348 ὁ
1195 1287 1256 1350 διὰ
1291 1286 1358 1365 τάς
1391 1285 1548 1366 πράξεις

249 1391 543 1471 ἐπονομασθεὶς
565 1393 654 1472 θεὸς
675 1397 804 1474 πρῶτος
826 1397 892 1459 τῶν
908 1393 1459 1474 μνημονευομένωνέχειρώσατο
1481 1396 1549 1474 τὴν

246 1503 371 1578 νῆσον
405 1501 462 1580 (sc.
495 1503 554 1580 τὴν
585 1503 821 1582 Βρεττανικήν),
855 1501 907 1566 καὶ
943 1503 1021 1580 τοὺς
1047 1501 1248 1581 Βρεττανοὺς
1277 1507 1549 1586 καταπολεμήσας

246 1607 411 1688 ἠνάγκασε
426 1613 530 1676 τελεῖν
551 1611 751 1692 ὡρισμένους
773 1610 911 1690 φόρους.
946 1608 1028 1674 ἀλλὰ
1053 1610 1126 1689 περὶ
1158 1613 1216 1689 μὲν
1238 1613 1362 1678 τούτων
1382 1614 1441 1693 τάς
1467 1615 1548 1678 κατὰ

248 1718 346 1798 μέρος
380 1721 513 1800 πράξεις
547 1720 583 1786 έν
617 1724 685 1798 τοῖς
707 1719 836 1798 οἰκείοις
858 1720 989 1799 χρόνοις
1012 1719 1255 1798 ἀναγράψομεν.

347 1833 375 1907 5,
399 1835 447 1908 22,
473 1837 504 1892 1:
527 1827 610 1894 ἀλλὰ
631 1830 704 1910 περί
726 1831 783 1909 μέν
805 1835 871 1894 τῶν
893 1829 961 1894 κατ’
985 1828 1086 1906 αὐτὴν
1107 1829 1251 1908 νομίμων
1273 1830 1324 1893 καὶ
1350 1834 1416 1895 τῶν
1439 1831 1547 1897 ἄλλων

246 1933 427 2016 ἰδιωμάτων
449 1937 489 2001 τά
510 1939 592 2003 κατά
614 1939 712 2018 μέρος
736 1937 969 2017 ἀναγράψομεν
992 1937 1072 2002 ὅταν
1095 1938 1147 2002 ἐπὶ
1166 1938 1225 2016 τὴν
1238 1937 1435 2017 Καίσαρος
1457 1959 1547 2014 γενο·

247 2045 346 2124 μένην
370 2047 583 2125 στρατείαν
605 2046 661 2127 εἰς
686 2047 923 2126 Βρεττανίαν
944 2050 1227 2126 παραγενηθῶμεν.

347 2161 376 2231 5,
409 2162 458 2238 25,
495 2161 528 2219 4:
572 2156 591 2221 ό
621 2155 771 2235 Ῥῆνος,
805 2157 848 2221 ὃν
882 2157 917 2221 έν
946 2143 1017 2236 τοῖς
1039 2155 1107 2220 καθ’
1131 2157 1215 2236 ἡμᾶς
1237 2155 1368 2236 χρόνοις
1399 2157 1547 2236 Καῖσαρ

248 2265 444 2346 δκληθεὶς
467 2267 560 2347 θεός
580 2266 711 2334 ἔζευξε
733 2265 939 2346 παραδόξως,
960 2267 1012 2330 καὶ
1033 2267 1219 2348 περαιώσας
1241 2271 1321 2348 πεζῇ
1336 2267 1395 2344 τὴν
1411 2267 1546 2347 δύναμιν

247 2374 445 2454 ἐχειρώσατο
468 2377 546 2455 τοὺς
568 2376 671 2455 πέραν
692 2378 925 2455 κατοικοῦντας
948 2375 1049 2441 αύτού
1073 2373 1226 2455 Γαλάτας.

351 2491 399 2559 13,
423 2489 473 2556 35,
494 2491 528 2549 3:
551 2489 588 2550 cf.
611 2507 641 2566 p.
665 2493 716 2551 31.

351 2603 399 2674 16,
438 2603 467 2676 7,
507 2602 540 2660 1:
578 2596 599 2675 ἡ
636 2598 672 2662 δὲ
705 2597 800 2677 πόλις
834 2597 889 2676 (sc.
920 2597 1198 2676 Ταυρομένιον)
1225 2595 1396 2672 ἀξιόλογον
1426 2595 1548 2675 ἀξίωμα

247 2706 524 2785 περιποιησαμένη
547 2707 585 2770 τό
609 2699 794 2772 τελευταῖον
816 2707 850 2771 έν
872 2712 918 2790 τῷ
941 2711 1010 2770 καθ’
1031 2706 1114 2784 ἡμᾶς
1131 2705 1201 2789 βίω,
1225 2705 1386 2784 Καίσαρος
1409 2702 1549 2781 ἀναστή-

249 2829 371 2893 σαντας
403 2815 481 2893 τοὺς
503 2815 744 2896 Ταυρομενίτας
776 2816 811 2880 ἐκ
843 2821 902 2894 τῆς
935 2815 1100 2896 πατρίδος,
1127 2812 1326 2891 Ῥωμαίων
1361 2811 1547 2876 ἀποικίαν

248 2922 424 2990 ἐδέξατο.

348 3039 397 3116 16,
420 3038 471 3112 70,
495 3039 527 3096 6:
551 3037 591 3096 cf.
613 3055 643 3112 p.
667 3039 715 3096 31.

348 3150 399 3218 32,
423 3151 473 3217 27,
496 3149 514 3208 3
537 3150 579 3206 ad
600 3149 843 3207 destructionem
866 3145 1002 3206 Corinthi
1025 3164 1052 3205 a.
1073 3146 1131 3204 146
1156 3144 1283 3205 factam:
1306 3138 1356 3205 ὅτι
1371 3140 1452 3205 κατὰ
1469 3139 1547 3218 τοὺς

247 3255 305 3330 τῆς
337 3255 478 3331 παλαιάς
509 3251 633 3331 ἡλικίας
664 3252 815 3332 καιρούς,
847 3249 1083 3329 διεληλυθότων
1116 3249 1237 3329 σχεδόν
1266 3249 1364 3313 ἐτῶν
1394 3249 1547 3320 ἑκατόν,

247 3361 450 3441 θεασάμενος
486 3363 545 3441 τὴν
581 3361 733 3442 Κόρινθον
776 3361 895 3440 Γάιος
928 3359 1088 3438 Ἰούλιος
1123 3361 1277 3438 Καίσαρ
1310 3359 1329 3423 ὁ
1369 3360 1430 3422 διά
1474 3358 1548 3434 τὰς

246 3471 406 3551 πράξεις
429 3471 671 3552 ὀνομασθείς
694 3473 789 3551 θεός
811 3471 857 3551 εἰς
881 3471 1032 3548 τοιαύτην
1055 3469 1132 3549 ἦλθε
1160 3469 1361 3550 συμπάθειαν
1382 3467 1435 3530 καί
1455 3467 1547 3544 φιλο-

171 3615 174 3622 =
249 3581 367 3655 δοξίαν,
390 3581 476 3647 ὥστε
500 3583 579 3662 μετὰ
601 3586 725 3661 πολλῆς
747 3585 896 3660 σπουδῆς
918 3581 1014 3645 πάλιν
1037 3580 1137 3658 αὐτὴν
1160 3579 1351 3656 ἀναστῆσαι.

349 3695 466 3772 Scripta
490 3704 560 3754 sunt
582 3713 620 3753 ea
642 3713 723 3772 quae
746 3695 900 3770 excerpsi:

250 3806 278 3876 1,
294 3808 323 3876 4,
342 3808 445 3874 1-71.
459 3815 531 3882 post
553 3824 579 3867 a.
602 3823 628 3867 a„
652 3804 686 3866 C.
710 3806 750 3864 πο
774 3799 857 3880 (beni
879 3803 989 3862 Gallici
1012 3796 1150 3878 initium),
1173 3803 1213 3860 54
1237 3797 1404 3875 (expeditio
1427 3797 1547 3854 Britan·

461 3910 552 3992 nica),
576 3915 617 3974 44
641 3909 742 3990 (divus
765 3910 881 3988 Iulius).

250 4028 279 4094 1,
296 4025 324 4094 5,
342 4027 375 4083 1:
461 4031 531 4099 post
553 4041 581 4083 a.
603 4023 644 4082 58
666 4018 751 4098 (bell.
775 4021 854 4081 Gall.
879 4015 1021 4096 initium).

250 4137 278 4203 1,
294 4135 378 4202 44,1

251 4246 280 4312 1,
297 4244 380 4312 83,8
508 4247 581 4316 post
602 4257 631 4298 a.
654 4239 695 4299 60
717 4237 756 4298 cf.
781 4236 904 4296 Clinton
927 4236 995 4298 fast.
1017 4235 1096 4296 Heli.
1120 4237 1162 4293 ad
1184 4253 1254 4293 eum
1276 4251 1399 4296 annum.

251 4352 383 4422 3,11‚3

162 4529 165 4536 ,
252 4463 281 4530 3,
297 4463 347 4530 38,
364 4463 392 4520 2.
408 4463 439 4519 3:
462 4468 534 4536 post
556 4479 583 4520 a.
608 4461 647 4518 54
670 4454 795 4534 (exped.
817 4451 910 4534 Brit).

250 4569 398 4638 4,19‚2:
463 4576 585 4644 posta.
608 4570 648 4628 52
672 4565 788 4642 (Alesia
810 4563 927 4645 capta),
950 4568 991 4625 44
1015 4563 1117 4638 (divus
1138 4563 1254 4636 Iulius).

252 4679 281 4748 5,
297 4679 346 4746 21,
363 4679 397 4736 2:
462 4685 534 4752 post
555 4695 582 4738 a.
605 4678 645 4736 54
667 4673 791 4753 (exped.
814 4672 911 4752 Βτίί),
932 4673 973 4732 44
997 4669 1099 4751 (divus
1120 4669 1238 4749 Iulius).
