3634 5242
884 333 924 392 41

356 522 402 578 Ae
423 517 551 596 primum
574 515 700 593 quidem
721 511 1025 574 commemorandum
1047 519 1094 570 est
1115 511 1228 569 deesse
1250 511 1282 568 in
1299 508 1396 588 quinti
1417 508 1482 569 libri
1503 510 1549 568 in·

256 634 324 692 dice
345 636 506 690 auctorum
528 643 643 685 nornen
666 623 807 698 Augusti.
851 621 924 699 Sed,
947 628 1080 696 excepto
1105 621 1252 698 eoquod
1276 620 1403 678 nomina
1430 618 1550 695 singula

258 741 440 818 oppidorum
460 736 491 794 in
516 753 613 810 genus
640 741 779 793 neutrum
807 730 950 791 adiectivi
980 731 1107 792 redacta
1133 737 1213 806 sunt,
1248 747 1339 807 quam
1362 730 1489 788 sormam
1511 747 1550 785 ex

256 849 389 928 genuina
418 845 557 906 facillime
588 843 709 904 efficere
739 841 840 918 potuit
867 840 996 914 Plinius,
1030 842 1157 900 eosdem
1184 840 1333 898 habemus
1362 848 1425 898 tam
1448 838 1549 912 singu·

255 963 334 1020 lares
363 955 525 1016 laterculos
557 971 634 1030 quos
663 953 694 1010 in
723 950 882 1028 Hispania,
915 949 1119 1020 Narbonensi,
1151 949 1249 1019 Italia,
1281 949 1406 1026 Illyrico,
1440 947 1550 1006 Sicilia.

257 1069 362 1144 Quare
384 1068 425 1125 de
447 1081 552 1124 eorum
575 1061 661 1120 lonte
683 1062 824 1121 dubitare
845 1078 908 1120 non
929 1060 1007 1120 licet.

355 1177 421 1234 Iam
442 1174 484 1233 acl
506 1171 626 1250 singula
644 1171 801 1230 accedam.
845 1169 990 1230 Colonias
1003 1167 1162 1228 Africanas
1179 1167 1294 1228 Plinius
1312 1167 1387 1228 dicit
1402 1185 1472 1226 esse
1488 1184 1551 1226 sex.

259 1285 351 1359 Quae
372 1301 478 1342 omnes
499 1281 703 1350 inveniuntur,
724 1279 756 1338 in
777 1279 1003 1339 mediterraneo
1027 1281 1055 1348 2,
1077 1279 1108 1336 in
1120 1277 1237 1355 periplo
1257 1280 1286 1338 4.
1331 1277 1456 1336 Adsunt
1476 1294 1553 1354 quo·

260 1411 323 1471 que
345 1391 461 1468 oppida
483 1408 509 1449 c.
532 1391 569 1450 R.
594 1389 642 1458 15,
664 1388 889 1449 mediterranea
912 1390 961 1458 13,
984 1387 1134 1446 maritima
1155 1390 1183 1448 2.
1231 1385 1390 1464 Oppidum
1411 1385 1554 1447 Latinum

263 1519 357 1561 unum
380 1500 527 1577 reperitur
548 1499 579 1556 iu
601 1499 838 1558 mediterraneo.
882 1497 963 1557 Turn
985 1497 1120 1574 sequitur
1142 1497 1173 1554 in
1196 1496 1349 1556 laterculis
1376 1495 1554 1554 mediterra-

262 1611 329 1670 neis
351 1609 501 1687 oppidum
521 1607 751 1685 stipendiarium
770 1625 866 1666 unum
881 1607 990 1666 Castra
1005 1606 1156 1676 Cornelia,
1180 1605 1295 1666 deinde
1320 1605 1436 1682 oppida
1452 1603 1554 1664 libera.

266 1719 361 1794 Quod
385 1717 579 1780 vehementer
601 1717 738 1778 offendit.
783 1717 874 1787 Nam,
896 1716 1042 1792 quoniam
1060 1717 1217 1792 Augustus
1238 1715 1370 1775 melioris
1389 1713 1460 1772 iuris
1484 1713 1556 1772 ciui·

265 1837 345 1888 tates
372 1846 493 1904 semper
521 1827 681 1904 anteponit
711 1827 824 1904 peioris
856 1826 1047 1886 condicionis
1084 1826 1205 1904 oppidis
1235 1820 1289 1904 (cf.
1321 1843 1348 1886 e.
1371 1844 1396 1886 c.
1418 1825 1460 1883 III
1496 1820 1556 1898 12),

264 1937 454 2016 stipendiarii
469 1936 557 2012 sequi
573 1935 689 1996 debent
706 1935 827 1995 liberos.
872 1936 1003 1996 Accedit
1025 1935 1084 1994 alia
1106 1953 1164 1997 res.
1206 1935 1304 1996 Nemo
1324 1935 1444 2012 putabit
1464 1953 1555 1994 unam

260 2047 357 2106 solam
372 2045 493 2107 Africae
514 2045 668 2106 civitatem
690 2045 784 2105 fuisse
807 2046 1048 2122 stipendiariam.
1092 2044 1192 2120 Quam
1215 2055 1383 2106 ceterarum
1405 2047 1470 2104 eius
1487 2065 1555 2122 pro-

263 2155 381 2214 vinciae
413 2154 597 2232 populorum
627 2153 844 2227 Natabudum,
877 2154 1124 2232 Capsitanorum‚
1157 2164 1329 2217 ceterorum
1360 2156 1556 2233 plurImorum

263 2264 439 2341 putabImus
461 2264 532 2323 iuris
553 2262 647 2322 luisse
669 2260 902 2324 condicionem?
944 2263 1012 2340 Ego
1040 2283 1103 2324 non
1131 2265 1238 2324 dubito
1266 2265 1338 2341 quin
1365 2265 1476 2324 fuerint
1504 2267 1557 2325 sti·

263 2372 426 2448 peudiarii.
471 2371 565 2432 Cuius
587 2372 629 2430 rei
650 2381 811 2449 praeterea
824 2373 942 2432 firmum
958 2382 1043 2433 extat
1056 2383 1269 2450 argumentum
1283 2375 1388 2432 titulus
1404 2373 1471 2434 CIL
1487 2375 1559 2434 VIII

266 2501 294 2541 n.
313 2483 353 2542 68
375 2501 403 2542 a.
418 2498 445 2539 a.
463 2479 496 2542 C.
516 2483 563 2550 12,
586 2481 617 2538 in
639 2499 701 2558 quo
716 2481 915 2540 nominantur
934 2488 1051 2540 senatus
1066 2484 1247 2558 populusque
1269 2485 1433 2542 cibalattnnt
1453 2485 1559 2560 stapen-

265 2591 431 2649 dr'oriorum
446 2599 528 2666 pago
552 2588 722 2652 Guraenses.
767 2590 872 2664 Quare
894 2591 966 2649 mihi
989 2600 1105 2650 certum
1128 2592 1248 2652 videtur
1271 2593 1465 2652 scribendum
1489 2611 1559 2653 esse

264 2699 394 2775 oppidum
406 2695 595 2778 fhedcratnm
619 2717 706 2756 unum
734 2697 847 2758 Castris
873 2697 1023 2776 Cornelias,
1046 2702 1131 2776 quod
1153 2700 1234 2758 inter
1255 2701 1372 2778 oppida
1393 2703 1504 2763 Latina
1527 2712 1559 2762 et

264 2809 358 2868 libera
373 2816 456 2868 recte
472 2806 681 2882 interponitur.
726 2806 967 2867 Commendatur
982 2809 1159 2868 coniectura
1175 2809 1269 2870 etiam
1284 2811 1392 2888 oppidi
1407 2811 1559 2871 foederati

264 2917 481 2994 singularitate,
513 2933 586 2974 nam
613 2916 677 2976 eius
704 2916 776 2976 iuris
807 2917 946 2976 civitates
977 2919 1118 2977 omnibus
1141 2919 1172 2977 ln
1193 2919 1355 2996 provinciis
1378 2920 1463 2980 luere
1491 2939 1560 2999 per·

267 3045 395 3105 paucae.
438 3026 547 3103 Spuria
569 3026 660 3084 lectio
683 3025 815 3086 sortasse
836 3026 924 3086 Plinii
945 3028 1061 3088 incurIa
1082 3038 1150 3088 orta
1172 3038 1221 3088 est
1233 3025 1253 3090 ¹.
1295 3030 1473 3090 Liberorum
1503 3048 1561 3107 op·

267 3137 409 3214 pidorum
441 3153 585 3196 numerus
617 3145 665 3194 est
686 3138 735 3198 30.
789 3137 836 3196 Ex
867 3137 902 3197 iis
935 3137 1131 3198 nominantur
1152 3138 1184 3197 in
1206 3140 1432 3200 mediterraneo
1456 3143 1503 3211 17,
1530 3140 1561 3198 in

268 3245 384 3322 periplo
409 3245 456 3304 13.
501 3244 583 3304 Nam
605 3245 716 3304 Thena
727 3242 750 3322 ²,
772 3246 864 3321 Aves,
887 3248 1099 3319 Macomades,
1125 3249 1261 3326 Tacape,
1285 3250 1423 3318 Sabrata,
1452 3249 1561 3327 quibus

269 3355 377 3433 plenus
398 3353 431 3412 fit
452 3353 502 3413 ille
525 3334 679 3428 numerus,
702 3364 786 3415 certe
808 3357 844 3416 iis
866 3359 1117 3419 adnumerandae
1139 3369 1218 3418 sunt.
1261 3359 1398 3418 Immune
1413 3359 1562 3436 oppidum

265 3463 370 3524 Africa
392 3463 486 3524 habet
505 3481 599 3522 unum
621 3464 815 3524 Theudalim.
860 3466 992 3527 Restant
1013 3468 1200 3545 stipendiarii
1222 3469 1368 3530 516-54
1381 3491 1421 3518 =
1434 3469 1506 3528 462.

367 3573 432 3632 Iam
454 3575 612 3650 quomodo
636 3583 797 3634 auctorum
819 3576 1112 3656 inscriptionumque
1134 3578 1311 3638 testImonia
1325 3597 1394 3638 cum
1408 3578 1562 3638 laterculis

268 3683 450 3744 conveniant
473 3701 635 3760 exponam.
680 3683 885 3744 Confirmatur
906 3686 993 3745 Plinii
1015 3688 1222 3748 testimonium
1245 3688 1276 3746 iu
1297 3687 1431 3765 pluribus
1458 3687 1563 3750 civita·

268 3793 359 3854 tibus.
403 3791 493 3864 Quae
515 3801 585 3852 sunt
607 3791 761 3852 coloniae:

371 3900 465 3976 Cirta,
488 3919 550 3976 quo
569 3911 642 3978 post
655 3901 763 3961 Iubam
778 3903 935 3962 devictum
950 3903 1079 3980 Sittiani,
1102 3904 1134 3967 P.
1150 3903 1238 3970 Sittii,
1261 3905 1400 3966 Caesaris
1415 3906 1563 3977 asseclae,

268 4011 380 4070 milites
404 4010 531 4068 deducti
553 4020 625 4070 sunt
645 4007 792 4089 (Appiau.
815 4012 844 4073 b.
866 4031 892 4073 c.
914 4016 944 4084 4,
960 4015 1000 4074 54
1023 4012 1090 4072 CIL
1111 4014 1183 4072 VIII
1204 4033 1234 4090 p.
1256 4011 1338 4092 618).
1382 4015 1485 4075 Adicit
1507 4015 1565 4074 Pli-

268 4119 335 4179 nius
358 4117 460 4177 Cirtae
484 4120 624 4180 coloniae
645 4121 810 4196 cognomine
833 4117 1034 4182 Sittianorum.
1079 4122 1149 4183 Hoc
1172 4123 1274 4186 CIrtae
1303 4142 1475 4201 cognomen
1501 4144 1566 4186 uon

372 4390 581 4446 ¹Mommsenus
609 4394 950 4464 (staatsr.1111p.685)
976 4403 1052 4466 putat
1069 4399 1161 4450 Castra
1179 4399 1302 4452 Cornelia
1329 4401 1410 4452 luisse
1438 4401 1566 4468 oppidum

271 4491 396 4540 Latinum
415 4490 618 4556 supendiarium.
655 4491 709 4542 Sed
728 4507 743 4542 e
761 4492 843 4543 Plinii
861 4493 949 4544 verbis
968 4495 1042 4546 nullo
1071 4497 1152 4546 modo
1181 4499 1306 4560 cognosci
1333 4504 1422 4564 potest
1450 4515 1480 4550 ea
1508 4515 1566 4550 esse

270 4585 359 4636 Latini
377 4586 449 4652 iuris,
478 4587 575 4636 deinde
594 4601 691 4638 nomen
710 4589 908 4655 stipendiarium
926 4593 996 4657 apud
1015 4593 1131 4643 Plinium
1158 4609 1256 4660 semper
1280 4595 1408 4658 siguificat
1436 4596 1567 4648 civitatem

270 4682 443 4750 peregrinam,
462 4699 515 4732 non
533 4683 659 4736 Latinam.
810 4681 822 4720 ²
842 4688 873 4739 cl.
893 4703 918 4754 p.
940 4685 983 4740 43.
