3634 5242
864 309 903 372 36

339 491 515 574 Syracusae,
538 512 647 571 quoa.
671 495 708 554 21
731 495 887 570 Augustus
909 495 1059 553 coloniam
1082 495 1211 554 deduxit
1233 494 1308 573 (Dio
1327 497 1412 560 Cass.
1426 503 1477 572 54,
1490 495 1533 582 7).

337 605 498 682 Tyndaris,
532 621 633 680 quam,
665 603 750 680 quod
776 601 836 660 Dio
864 599 989 662 Cassius
1018 603 1035 662 l.
1058 605 1075 666 l.
1109 605 1182 664 dicit
1215 615 1339 682 praeter
1365 611 1533 687 Syracusas

238 711 353 790 ἑτέρας
375 710 465 790 τινὰς
489 708 602 787 πόλεις
625 713 760 771 colonias
783 712 880 771 factas
907 729 976 772 esse
1003 721 1035 770 et
1062 715 1145 788 quod
1171 715 1201 772 in
1229 716 1322 774 titulis
1362 721 1534 794 appellatur

238 825 385 900 Augusta,
418 821 627 880 Mommsenus
661 837 718 878 suo
753 822 816 880 iure
848 823 960 880 eodem
990 839 1072 880 anno
1103 823 1259 884 conditam
1286 799 1373 900 putat
1399 823 1479 905 (CIL
1503 831 1532 888 X

237 951 266 1008 p.
290 926 371 1008 771).

337 1038 458 1118 Catina,
491 1057 571 1118 quae
599 1049 684 1100 certe
712 1041 750 1100 ab
774 1038 945 1100 Octaviano
973 1053 1043 1118 post
1069 1043 1181 1102 bellum
1205 1044 1338 1104 Siculum
1362 1043 1486 1122 (Strabo
1509 1048 1527 1105 6

235 1169 264 1227 p.
287 1151 358 1210 268.
379 1148 463 1226 272),
487 1148 617 1208 sortasse
641 1168 667 1211 a.
691 1152 729 1210 21
754 1151 875 1208 colonia
899 1149 981 1210 facta
1003 1159 1049 1209 est
1072 1149 1151 1224 (CIL
1175 1151 1206 1210 X
1226 1171 1256 1228 p.
1281 1149 1364 1231 720).

335 1257 451 1334 oppida
473 1258 528 1318 civ.
552 1258 657 1318 Rom:

335 1366 489 1426 Messana.
535 1363 636 1437 Quam
652 1363 758 1422 Cicero
778 1364 796 1424 l.
814 1365 831 1423 l.
846 1364 984 1424 nominat
1009 1363 1211 1428 foederatam.
1253 1367 1304 1424 Ius
1327 1369 1480 1446 municipii
1501 1387 1529 1431 a.

236 1480 276 1536 44
303 1477 342 1534 ab
365 1475 501 1534 Antonio
526 1475 685 1551 donatum,
718 1473 789 1550 quia
816 1491 843 1532 a.
867 1473 908 1532 40
930 1472 957 1534 S.
982 1472 1129 1550 Pompeio
1156 1476 1319 1545 restiterat,
1352 1479 1381 1535 ei
1409 1478 1531 1536 videtur

235 1603 304 1646 esse
327 1593 480 1644 servatum
504 1579 578 1659 (Dio
603 1581 688 1642 Cass,
710 1579 847 1660 48,17).

335 1695 455 1772 Lipara,
479 1693 528 1752 cui
550 1693 624 1751 item
645 1692 800 1768 municipii
818 1692 874 1768 ius,
898 1694 982 1768 quod
998 1694 1111 1752 nummi
1127 1693 1220 1754 etiam
1235 1703 1395 1771 testantur,
1418 1697 1531 1756 mansit

235 1803 314 1882 (CIL
336 1804 368 1864 X
388 1823 418 1880 p.
440 1799 521 1879 772).
565 1802 758 1878 Liparenses,
781 1818 850 1860 cum
873 1802 966 1859 ceteri
987 1803 1151 1862 insularum
1174 1803 1293 1864 incolae
1315 1805 1356 1862 ad
1378 1805 1407 1864 S.
1439 1805 1530 1862 Pom-

234 1915 337 1990 peium
359 1913 554 1980 deiecissent,
586 1910 773 1970 Octavianus
797 1910 961 1988 Neapolim
984 1911 1134 1970 transtulit
1157 1905 1232 1987 (Dio
1256 1913 1306 1981 48,
1323 1905 1385 1990 48).
1427 1912 1529 1972 Insula
1604 1973 1606 1976 .

233 2024 301 2100 ipsa
334 2023 364 2080 in
396 2021 582 2080 debellando
615 2020 667 2078 illo
698 2018 870 2079 Octaviano
903 2038 1016 2097 magno
1050 2021 1106 2080 fuit
1142 2021 1305 2079 commodo
1341 2017 1415 2097 (Dio
1441 2020 1527 2082 Cass.

233 2133 284 2206 49,
309 2135 336 2190 1.
359 2124 403 2210 7).

333 2239 449 2315 oppida
471 2237 595 2296 Latina:

334 2346 526 2424 Centuripae.
555 2345 657 2418 Quam
672 2347 778 2405 urbem
793 2345 901 2406 Cicero
915 2346 934 2407 l.
951 2347 970 2406 l.
993 2348 1129 2424 appellat
1151 2348 1276 2408 liberam
1298 2359 1329 2408 et
1352 2352 1524 2413 immunem.

232 2457 431 2534 Municipium
455 2475 481 2518 c.
498 2457 535 2518 R.
559 2456 640 2516 lacta
662 2465 709 2514 est
731 2476 759 2516 a.
776 2458 817 2516 44
839 2465 872 2514 et
894 2465 965 2532 post
980 2454 1160 2533 Pompeium
1183 2459 1336 2518 devictum
1355 2460 1477 2520 Latium
1499 2464 1528 2520 ei

233 2582 421 2633 concessum,
453 2564 539 2640 quod
559 2563 659 2622 innuit
680 2562 788 2622 Strabo
812 2565 829 2622 6
851 2581 881 2639 p.
903 2563 963 2622 272
985 2559 1106 2639 ταύτην
1128 2563 1164 2626 δὲ
1189 2563 1248 2642 τὴν
1270 2565 1365 2630 πόλιν
1388 2568 1444 2646 (sc.
1467 2568 1526 2647 τὰς

232 2668 479 2750 Συρακούσσας)
504 2667 660 2750 ἀνέλαβεν
684 2667 703 2731 ὁ
726 2668 849 2746 Καῖσαρ
872 2667 923 2732 καὶ
944 2667 1003 2746 τὴν
1025 2668 1178 2750 Κατάνην,
1202 2670 1249 2751 ὡς
1271 2671 1300 2736 δ’
1323 2673 1431 2754 αὕτως
1454 2676 1526 2740 Κεν-

232 2779 349 2858 τόριπα
372 2776 672 2857 συμβαλομένην
701 2777 826 2841 πολλὰ
853 2766 952 2856 πρὸξ
977 2778 1046 2856 τὴν
1066 2775 1275 2858 Πομπηίου
1298 2777 1526 2849 κατ’άλυσιν.

332 2889 453 2949 Netum.
488 2888 582 2962 Quod
596 2908 614 2946 a
630 2888 778 2948 Cicerone
793 2885 892 2968 (Verr.
908 2889 980 2958 115,
997 2891 1047 2958 22,
1064 2885 1118 2968 56)
1140 2892 1310 2966 appellatur
1322 2893 1524 2964 foederatum,

234 3001 349 3059 deinde
372 3018 399 3060 a.
424 3003 464 3058 44
485 2999 683 3074 municipium
705 3016 732 3058 c.
755 2999 791 3059 R.
815 3007 862 3056 est
885 2998 1009 3067 factum,
1034 3006 1106 3073 post
1129 2999 1240 3058 bellum
1263 2999 1394 3060 Siculum
1416 3003 1447 3060 in
1470 3022 1526 3080 op-

231 3109 296 3186 pidi
317 3110 420 3169 Latini
441 3109 488 3165 ius
510 3108 678 3167 redactum.

332 3217 470 3294 Segesta.
494 3215 592 3292 Quae,
616 3235 683 3276 cum
699 3216 795 3276 libera
810 3225 841 3274 et
856 3217 996 3276 immunis
1012 3215 1120 3276 fuisset
1136 3212 1216 3296 (Cic.
1232 3218 1319 3282 Verr.
1334 3221 1363 3280 11
1379 3225 1449 3297 3,6,
1464 3221 1527 3300 13),

232 3327 363 3386 eandem
385 3345 479 3404 quam
501 3327 614 3385 Netum
637 3324 742 3384 habuit
765 3325 926 3386 fortunam.
1108 3323 1111 3329 “

331 3437 542 3512 stipendiaria:
798 3421 799 3424 ¹

331 3545 467 3621 Halicye.
513 3545 610 3624 Quae,
634 3564 704 3604 cum
727 3529 894 3606 secundum
918 3546 1097 3606 Ciceronem
1120 3545 1150 3621 (l.
1167 3543 1200 3626 l.)
1224 3549 1319 3606 libera
1341 3559 1372 3606 et
1387 3550 1526 3608 immunis

232 3653 346 3732 luisset,
369 3655 450 3712 bello
474 3655 628 3713 civitatem
650 3656 750 3713 amisit
773 3656 1032 3731 stipendiariaque
1055 3655 1138 3714 facta
1160 3665 1216 3717 est.

333 3763 380 3821 Ex
402 3765 519 3823 insulis:
543 3763 658 3822 Melita.
703 3763 800 3838 Quae,
823 3764 895 3841 quia
917 3781 986 3822 cum
1010 3763 1110 3822 Sicilia
1134 3764 1411 3842 administrabatur,
1445 3776 1543 3825 certe.

230 3882 260 3932 et
286 3873 354 3950 ipsa
382 3892 410 3935 a.
431 3875 471 3934 44
501 3873 654 3932 civitatem
684 3868 835 3950 accepit1.
885 3872 934 3930 De
962 3873 1047 3931 cuius
1077 3873 1142 3931 iure
1171 3874 1315 3949 quoniam
1343 3870 1455 3932 Plinius
1486 3876 1526 3934 nil

231 3983 345 4042 adiecit
367 3980 397 4056 (ᾖ
421 3979 484 4058 92),
518 3983 599 4040 bello
629 3999 697 4040 eam
728 3983 958 4059 stipendiariam
986 3981 1099 4040 factam
1128 3983 1225 4039 etita
1247 3982 1331 4056 apud
1353 3982 1526 4057 Augustum

229 4091 419 4150 nominatam
449 4091 540 4149 luisse
568 4091 740 4166 putandum
768 4100 823 4150 est.
868 4091 963 4164 Quod
985 4089 1179 4148 confirmatur
1201 4088 1385 4150 Tiberianae
1413 4094 1524 4150 aetatis

229 4199 425 4276 inscriptione
448 4197 554 4274 (CIGr.
576 4217 606 4258 n.
629 4195 735 4273 5754),
768 4200 800 4256 in
821 4217 881 4276 qua
901 4198 1081 4257 Melitenses
1103 4198 1328 4272 magistratibus
1351 4208 1434 4259 certe
1461 4218 1524 4259 non

229 4308 378 4366 Romanis
393 4316 525 4367 utuntur.

330 4416 396 4476 Iam
419 4419 460 4476 ad
485 4417 640 4475 reicienda
662 4418 817 4491 nonnulla,
840 4418 947 4494 quibus
971 4417 1110 4477 laterculi
1126 4415 1254 4476 Pliniani
1271 4419 1301 4475 in
1317 4417 1522 4493 suspicionem

228 4527 327 4584 vocati
349 4535 419 4584 sunt
441 4535 494 4584 aut
517 4525 617 4584 vocari
638 4535 777 4601 possunt,
800 4529 925 4590 accedo,

327 4654 337 4692 ¹
355 4657 443 4708 Aliter
460 4657 559 4708 iudicat
577 4658 759 4709 Mommsenus
779 4657 837 4707 CIL
856 4659 886 4707 X
904 4674 929 4724 p.
950 4657 1010 4712 773.
