3634 5242
905 342 943 404 19

374 533 422 594 De
445 536 553 610 quibus
575 535 727 593 laterculis
750 534 827 592 haec
849 533 985 592 dicenda
1007 541 1089 593 sunt.
1134 532 1251 590 Inserui
1274 531 1309 592 iis
1336 529 1474 592 colonias
1508 547 1571 586 me·
1636 536 1638 540 “

275 646 464 702 diterraneas
486 662 549 700 non
572 645 744 700 secundum
765 643 882 700 litteras
904 643 1062 700 ordinatas
1086 639 1211 718 (11163.
1237 641 1318 715 130),
1348 641 1428 716 quia,
1445 681 1449 690 .
1464 656 1572 714 quam·

275 771 494 830 qnam-earum
519 753 681 828 dispositio
703 771 767 810 non
790 752 971 826 Augustana
992 751 1111 808 videtur
1134 768 1211 822 esse,
1233 769 1348 808 nomen
1370 749 1510 807 coloniae
1526 748 1570 804 eis

274 863 413 920 additum
436 880 474 918 ex
497 862 638 936 Augusto
662 869 817 936 sumptum
839 878 907 918 esse
938 859 1024 918 Plinii
1057 859 1234 918 testimonio
1268 853 1398 935 (11146)
1434 875 1572 931 compro·

274 971 373 1030 batur.
417 970 576 1046 Adscripsi
597 971 641 1027 eis
664 970 768 1047 etiam,
790 970 874 1028 nullo
896 969 1095 1028 dubitationis
1122 969 1211 1045 signo
1245 968 1398 1044 adposito,
1437 967 1572 1025 colonias

272 1081 448 1140 maritimae.
495 1079 574 1138 Nam
593 1079 721 1154 primum
744 1078 868 1154 quidem
890 1081 981 1137 verba
1004 1078 1090 1136 Plinii
1112 1073 1142 1155 (l.
1159 1077 1191 1153 l.)
1225 1079 1406 1135 coloniarum
1433 1077 1573 1134 mentione

273 1188 396 1262 signato
419 1204 493 1260 quas
517 1186 570 1242 ille
593 1187 624 1242 in
647 1204 676 1241 eo
694 1186 832 1260 prodidit
850 1204 969 1242 numero
989 1188 1030 1243 ad
1052 1185 1146 1244 totius
1162 1185 1268 1244 ltaliae
1285 1186 1432 1257 colonias,
1452 1204 1516 1244 non
1531 1187 1573 1242 ad

273 1296 515 1353 mediterraneas
532 1295 638 1369 solum,
659 1295 811 1370 pertinere
833 1295 982 1354 videntur.
1016 1295 1139 1352 Deinde
1162 1295 1255 1352 etiam
1277 1295 1308 1352 in
1329 1295 1422 1353 litoris
1445 1296 1573 1354 coloniis

274 1405 490 1462 enumerandis
514 1403 645 1460 Plinium
667 1404 796 1478 Augusti
819 1404 924 1460 librum
956 1403 1126 1479 inspexisse
1160 1421 1199 1460 eo
1239 1405 1455 1480 comprobatur
1488 1405 1574 1480 quod

277 1514 400 1588 saepius
424 1514 564 1582 eandem,
588 1531 680 1588 quam
701 1513 732 1570 in
754 1514 996 1582 mediterraneo,
1030 1513 1198 1588 reperimus
1222 1514 1412 1572 coloniarum
1433 1523 1464 1572 et
1487 1515 1574 1590 oppi-

276 1624 384 1680 dorum
408 1632 581 1680 accuratam
603 1623 840 1692 distinctionem,
874 1597 967 1680 ut¹in
988 1623 1187 1698 paragraphis
1209 1624 1258 1683 50.
1281 1624 1331 1684 56.
1356 1625 1405 1684 59.
1430 1626 1479 1682 61.
1506 1626 1574 1682 111.

280 1735 347 1790 126.
372 1733 441 1791 129.
485 1730 610 1788 Deinde
631 1732 662 1788 in
684 1730 773 1802 §113
796 1732 984 1790 coloniarum
999 1731 1216 1790 maritimarum
1236 1739 1268 1788 et
1283 1733 1574 1789 mediterranearum

275 1841 409 1899 laterculi
432 1849 495 1898 tam
517 1850 583 1898 arte
603 1843 816 1920 conexisunt,
839 1850 872 1898 ut
894 1844 979 1899 unde
994 1843 1043 1899 hic
1058 1841 1150 1899 etiam
1165 1843 1215 1900 ille
1231 1843 1411 1916 desumptus
1426 1841 1574 1898 videatur.

275 1950 369 2008 Porro
392 1951 457 2006 illas
481 1952 615 2008 colonias
638 1951 670 2008 in
694 1968 748 2008 ora
771 1952 854 2020 sitas,
877 1967 957 2027 quae
981 1959 1052 2008 sunt
1075 1952 1211 2008 sedecim
1238 1967 1376 2020 numero,
1412 1957 1445 2007 ut
1476 1949 1574 2006 medi-

275 2069 431 2118 terraneas
455 2061 517 2118 fere
541 2077 646 2118 omnes
669 2068 722 2116 aut
744 2060 966 2117 triumvirorum
989 2069 1042 2117 aut
1054 2061 1184 2133 Augusti
1207 2077 1276 2117 esse
1293 2059 1416 2116 aliunde
1438 2063 1572 2114 constat.

276 2168 346 2240 Qua
369 2172 410 2228 de
432 2189 464 2227 re
486 2169 564 2227 infra
587 2169 743 2244 copiosius
765 2169 821 2226 erit
843 2169 1019 2226 dicendum.
1063 2169 1180 2226 Inserui
1213 2168 1365 2226 indicibus
1397 2168 1490 2224 etiam
1523 2183 1575 2223 co-

281 2278 379 2334 lonias
401 2293 503 2334 nonae
524 2285 618 2351 atque
638 2276 818 2332 undecimae
841 2275 984 2350 regionis
1016 2292 1201 2350 quamquam
1234 2277 1266 2334 in
1295 2277 1331 2334 iis
1364 2275 1574 2334 describendis

277 2385 398 2454 Plinius,
421 2393 455 2440 ut
478 2401 568 2459 supra
591 2384 729 2460 exposui,
753 2402 771 2441 a
792 2384 951 2458 proposito
975 2401 1030 2441 suo
1053 2385 1210 2452 abscessit,
1242 2404 1314 2442 nam
1346 2388 1378 2444 in
1410 2386 1455 2444 his
1478 2386 1574 2444 tribus

277 2493 404 2550 coloniis
426 2493 621 2550 nominandis
649 2509 720 2548 eum
756 2493 845 2550 alium
880 2492 1057 2550 adhibuisse
1090 2493 1205 2550 fontem
1242 2512 1305 2552 non
1331 2495 1489 2570 probabile
1516 2503 1576 2553 est.

276 2602 399 2660 Deinde
433 2603 527 2658 etiam
563 2600 622 2658 hae
656 2599 795 2659 coloniae
830 2602 1026 2660 triumvirales
1050 2611 1120 2660 sunt
1143 2611 1195 2660 aut
1216 2604 1385 2678 Augustae.
1435 2603 1574 2680 Apposui

276 2711 410 2786 denique
433 2711 585 2768 laterculis
612 2710 740 2786 Ostiam,
763 2729 855 2786 quam
877 2713 1050 2771 eiciendam
1072 2731 1139 2772 esse
1161 2713 1331 2789 apparebit.

378 2819 474 2879 Omisi
502 2820 679 2891 Tarentum,
702 2839 803 2896 quam,
826 2823 912 2898 quod
935 2822 1047 2879 Plinius
1070 2823 1162 2878 adicit
1186 2816 1319 2901 (11199)
1354 2821 1518 2879 contributa
1547 2841 1575 2878 eo

276 2931 424 2987 maritima
457 2931 583 2998 colonia,
621 2949 695 3004 quae
719 2930 765 2986 ibi
779 2927 934 3006 suerat,
969 2932 1000 2988 in
1031 2931 1161 3006 Augusti
1192 2933 1295 2990 indice
1327 2933 1480 2990 coloniam
1511 2949 1575 2988 non

277 3039 369 3096 fuisse
393 3047 524 3115 constat,
548 3037 661 3098 Cosam
678 3039 881 3098 Volcientium
905 3035 1014 3117 (11151
1033 3059 1051 3096 a
1060 3043 1170 3114 populo
1187 3040 1317 3098 Romano
1334 3040 1466 3113 deducta)
1481 3041 1574 3096 verbo

277 3147 396 3203 colonia
419 3165 480 3204 non
504 3149 665 3223 signatam,
701 3150 889 3225 Eporediam
919 3146 974 3225 (ΙΙΙ
1000 3152 1058 3209 123
1089 3152 1223 3225 oppidum
1247 3151 1393 3225 Eporedia
1415 3147 1574 3222 Sibyllinis

278 3275 296 3312 a
311 3257 422 3328 populo
446 3255 577 3312 Romano
597 3259 736 3314 conditum
759 3253 862 3336 ticssz's)
885 3259 1031 3333 oppidum
1054 3261 1249 3334 appellatam.

377 3363 475 3432 Nunc,
498 3373 663 3440 antequam
685 3368 726 3423 ad
748 3367 937 3424 coloniarum
966 3368 1127 3426 laterculos
1159 3370 1353 3446 accedamus,
1377 3369 1574 3443 praemitten-

277 3474 334 3530 dus
356 3482 419 3532 est:

575 3871 817 3930 Deocoloniis
840 3873 1060 3930 Tiberianis
1082 3890 1275 3934 excursus.

377 4080 524 4138 Novimus
542 4081 676 4138 colonias
692 4083 834 4156 plurimas
858 4083 897 4140 ab
914 4083 1064 4158 Augusto,
1088 4082 1199 4140 multas
1221 4102 1239 4140 a
1262 4081 1402 4152 Claudi0,
1424 4101 1575 4158 paucasa

279 4191 413 4268 Nerone,
442 4191 602 4247 nonnullas
636 4209 655 4247 a
688 4191 877 4267 Vespasiano
912 4192 1072 4249 deductas.
1129 4191 1177 4247 De
1205 4191 1319 4248 Tiberii
1353 4191 1574 4267 Caligulaeque

283 4301 410 4358 coloniis
433 4300 523 4365 silent
544 4300 679 4360 annales
723 4301 825 4377 Atque
842 4300 1013 4374 Caligulam
1036 4299 1173 4356 colonias
1189 4301 1365 4368 deduxisse,
1390 4319 1575 4377 quamquam

278 4427 327 4467 res
350 4409 466 4466 incerta
489 4415 546 4474 est,
568 4425 607 4464 ne
631 4427 688 4483 ego
711 4411 836 4486 quidem
858 4409 1008 4466 affirmare
1031 4409 1109 4485 volo,
1142 4427 1215 4466 nam
1244 4409 1292 4465 vix
1314 4411 1483 4483 putaverim
1505 4428 1575 4468 eum

278 4518 452 4576 huiusmodi
484 4519 615 4593 negotiis
648 4536 783 4578 vacasse.
828 4518 966 4576 Vacasse
988 4517 1144 4576 Tiberium
1166 4518 1265 4586 certis,
1296 4525 1328 4575 ut
1354 4519 1426 4577 mihi
1448 4521 1574 4591 videtur,

278 4627 495 4703 comprobatur
533 4627 728 4702 argumentis
785 4627 865 4685 Fieri
899 4643 1004 4702 posse,
1037 4635 1070 4684 ut
1106 4627 1247 4685 coloniae
1280 4627 1374 4684 Iuliae
1407 4638 1460 4687 aut
1481 4629 1576 4688 Iuliae
