3634 5242
928 372 946 430 7

389 551 478 609 Duae
501 552 584 625 apud
606 549 733 608 Plinium
755 560 859 626 partes
881 551 1090 625 seiungendae
1107 561 1198 614 sunt:
1218 555 1314 614 altera
1338 556 1476 614 continet
1497 559 1586 618 later·

290 663 374 720 culos
396 661 563 720 ciuitatium
584 659 615 718 in
637 661 753 722 litteras
776 661 913 736 digestos
937 669 970 720 et
992 661 1063 719 iuris
1086 679 1195 720 norma
1217 663 1393 740 dispositos,
1423 666 1454 722 in
1478 667 1587 752 quibus

289 771 407 847 singula
436 771 562 830 nomIna
598 769 712 828 ethnici
746 771 926 846 plerumque
960 770 1058 830 forma
1091 773 1204 848 scripta
1226 783 1306 852 sunt,
1330 775 1424 834 altera
1445 786 1494 834 est
1515 794 1588 851 geo-

288 882 433 958 graphIca
456 882 665 956 complectens
688 879 853 956 praecipue
887 881 1036 957 periplum
1067 899 1139 942 orae
1171 883 1339 942 maritimae
1370 884 1588 959 flumtnumque

291 1011 408 1052 cursus.
451 993 506 1052 Illa
528 1009 565 1048 ex
590 990 740 1066 Augusto,
773 991 853 1052 haec
883 991 949 1050 eliis
979 1010 1018 1050 ex
1046 993 1179 1052 fontibus
1211 1001 1261 1052 est
1291 993 1409 1052 hausta.
1460 993 1522 1052 Sed
1549 1013 1587 1052 ex

289 1102 430 1175 Augusto
455 1101 598 1160 videntur
620 1099 711 1158 etiam
733 1115 804 1158 esse
823 1107 945 1176 sumpta
974 1117 1053 1175 qnae
1086 1101 1116 1158 in
1143 1101 1350 1176 descriptione
1382 1101 1588 1176 geographica

290 1211 330 1268 de
353 1211 538 1286 oppidorum
559 1210 623 1266 iure
644 1208 757 1268 Plinius
780 1207 863 1278 dicit,
898 1225 1082 1284 quamquam
1114 1209 1163 1268 hic
1184 1211 1276 1268 etiam
1299 1210 1422 1268 aliunde
1448 1185 1589 1269 derivata

291 1327 423 1394 excepta
445 1335 515 1378 esse
535 1326 673 1394 possunt.
718 1319 858 1393 Augusto
875 1317 1056 1375 tribuendae
1073 1326 1144 1376 sunt
1154 1319 1247 1378 etiam
1263 1337 1399 1378 summae
1423 1321 1588 1378 civitatium

290 1427 374 1484 haud
412 1427 506 1484 dubie
543 1445 581 1484 ex
618 1426 769 1484 indicibus
802 1425 859 1484 illis
887 1426 1007 1504 ductae,
1041 1444 1118 1504 quas
1148 1427 1258 1487 Plinius
1278 1429 1513 1512 ,provinciarum
1535 1431 1590 1487 de·

290 1536 503 1611 scriptionibus
525 1537 695 1612 anteponit.

386 1645 452 1702 Iam
474 1663 553 1722 quae
576 1663 615 1704 ex
638 1646 779 1720 Augusto
802 1645 1000 1720 exscripsisse
1023 1647 1144 1706 videtur
1160 1647 1272 1706 Plinius
1290 1665 1483 1724 componam,
1505 1649 1589 1707 uncis

289 1754 433 1812 adhibitis
456 1755 497 1811 ad
521 1755 645 1814 aliunde
667 1761 792 1829 sumpta
815 1762 870 1811 aut
892 1771 911 1810 a
934 1753 1030 1814 Plinio
1054 1757 1172 1830 addita,
1208 1758 1358 1833 siquidem
1380 1758 1413 1815 id
1440 1756 1503 1814 fieri
1536 1776 1591 1834 po·

290 1864 356 1932 tuit,
379 1864 581 1922 excludenda.
618 1863 654 1922 In
675 1863 901 1922 constituendis
918 1865 1101 1924 lectionibus
1117 1864 1330 1925 Detlelsenum
1346 1874 1377 1924 et
1392 1860 1591 1924 Htibnerum¹

293 1980 418 2032 secutus
441 1991 517 2034 sum.

858 2151 1023 2214 Baetica.

438 2291 481 2350 111
495 2293 528 2350 τι
542 2289 728 2370 „Iuridici
741 2296 948 2346 conventus
965 2291 997 2346 ei
1010 2289 1063 2372 IV,
1078 2289 1304 2370 Gaditanus,
1321 2291 1588 2364 Cordubensis,

439 2399 691 2476 Astigitanus,
706 2397 962 2474 Hispalensis.
979 2399 1117 2475 oppida
1132 2402 1256 2458 omnia
1270 2402 1589 2471 numeroCLXXV‚

439 2509 547 2566 iulis
570 2509 744 2567 coloniae
759 2507 853 2586 VIIII,
868 2509 1078 2584 municipia
1099 2528 1124 2568 c.
1141 2511 1178 2571 R.
1194 2511 1232 2589 X,
1248 2510 1356 2570 Latio
1379 2513 1590 2588 antiquitus

443 2618 587 2678 donata
609 2617 737 2690 XXVII,
773 2617 952 2674 libertate
978 2617 1029 2691 VI,
1062 2618 1218 2676 foedere
1253 2620 1303 2693 III,
1338 2622 1591 2696 stipendiaria

441 2726 537 2786 CXX.
585 2729 635 2787 12:
659 2726 780 2785 Huius
804 2722 1037 2783 conventus2
1061 2736 1133 2785 sunt
1163 2729 1298 2803 reIIquae
1321 2730 1498 2787 coloniae
1531 2731 1591 2787 im·

441 2854 573 2894 munes
596 2835 694 2894 Tucci
716 2852 795 2910 quae
817 2835 1052 2910 cognominatur
1074 2837 1214 2910 Augusta
1236 2836 1385 2907 Gemella,
1407 2839 1484 2897 Ituci
1510 2856 1589 2916 quae

441 2941 672 3018 vinuistat,
696 2942 796 3002 Ucubi
819 2961 898 3020 quae
921 2942 1049 3002 Claritas
1073 2945 1158 3021 lulla,
1192 2943 1272 3002 Urso
1294 2964 1372 3020 quae
1394 2946 1506 3005 Genua
1533 2946 1591 3006 Ur·

438 3055 588 3113 banorum
619 3048 711 3132 (inter
742 3070 823 3128 quae
854 3053 910 3110 tuit
932 3053 1051 3111 Munda
1084 3072 1154 3111 cum
1186 3053 1331 3129 Pompeio
1364 3055 1425 3114 lilio
1459 3053 1590 3132 rapta)4.

442 3163 582 3239 oppida
608 3162 728 3222 libera
761 3161 859 3236 Astigi
880 3161 988 3236 Vetus,
1020 3161 1161 3239 Ostippo.
1196 3165 1448 3238 stipendiaria
1482 3164 1589 3242 Callet,

443 3270 597 3345 Callicula,
634 3269 742 3329 Castra
775 3270 923 3346 Gemina,
959 3271 1067 3347 Ilipula
1096 3271 1205 3343 Minor,
1238 3271 1391 3342 Marucca‚
1428 3271 1592 3353 Sacrana⁶,

425 3373 606 3452 'Obulcula
630 3377 753 3452 Oningi,
776 3379 902 3453 Sabora,
926 3378 1069 3456 Ventipo
1269 3359 1270 3362 Ἴ

443 3491 495 3550 15;
509 3487 695 3547 Gaditani
710 3497 915 3546 conventus
931 3489 1065 3547 civium
1076 3490 1325 3548 Romanorum
1339 3490 1469 3566 Regma.
1494 3491 1592 3550 Lati·

439 3616 567 3657 norum
590 3593 810 3672 Laepiarelial,
844 3596 950 3656 CarIsa
973 3599 1158 3674 cognomine
1184 3599 1317 3673 Aurelia,
1350 3599 1445 3674 Urgia
1476 3619 1590 3678 cogno-

391 3836 401 3874 ¹
422 3839 481 3890 CIL
499 3836 534 3890 II.
694 3834 707 3873 ²
725 3853 761 3890 sc.
781 3839 933 3903 Astigitani.

390 3933 401 3970 ⁸
421 3937 494 3988 Ordo
512 3935 695 4002 alphabeticus
714 3935 758 3986 hic
778 3951 793 3986 a
810 3935 898 3986 Plinio
919 3937 1013 4002 opinor
1030 3937 1089 4004 Ipso
1117 3945 1157 3988 est
1175 3937 1342 4004 perturbatus
1361 3939 1442 3988 Tucci
1460 3945 1520 3990 ante
1538 3940 1606 3990 Itu·'

290 4037 344 4086 cim
362 4032 458 4101 posita.

388 4126 401 4164 ⁴
420 4127 501 4182 Uncis
519 4127 616 4179 inclusi
635 4129 764 4180 Mundam
776 4135 885 4196 propter
898 4130 978 4180 verba
989 4131 1056 4196 fuit
1073 4136 1171 4181 etcum
1180 4132 1307 4198 Pompeio
1313 4133 1378 4198 filio
1390 4141 1481 4197 rapta,
1495 4134 1591 4199 quibus

290 4243 349 4279 eam
375 4227 445 4294 apud
463 4227 612 4290 Augustum
631 4241 684 4277 non
701 4226 834 4276 exstitisse
852 4225 1040 4290 intellegimus.
1077 4227 1241 4280 Detlessenus
1261 4229 1367 4294 quidem
1395 4246 1452 4280 eam
1481 4229 1592 4280 coloniis

292 4326 447 4376 adnumerat
466 4322 574 4390 (Philol.
587 4323 677 4372 XXX
695 4339 722 4388 p.
736 4321 789 4375 270
802 4324 859 4388 sq.)‚
880 4324 928 4372 sed
948 4338 980 4372 eo
1000 4330 1146 4374 commotus
1166 4326 1240 4390 quod
1249 4326 1392 4376 Hiibnerus
1407 4327 1432 4374 ei
1443 4327 1593 4377 Asidonem

291 4420 471 4486 municipium,
500 4435 554 4470 non
578 4417 711 4470 coloniam
739 4419 820 4470 fuisse
843 4420 1065 4488 comprobaverat,
1097 4437 1184 4487 neque
1212 4423 1342 4487 quomodo
1371 4423 1472 4472 Munda
1496 4424 1594 4474 omissa

290 4517 375 4568 VIIII
396 4531 531 4565 numerum
551 4515 670 4581 expleret
687 4515 804 4566 videbat.
841 4515 894 4566 Sed
922 4517 1069 4582 municipes
1089 4517 1221 4568 Asidonis
1240 4513 1312 4568 tituli
1331 4535 1356 4570 n.
1377 4518 1455 4587 1315,
1483 4535 1535 4586 quo
1555 4522 1592 4571 ni·

288 4615 355 4663 titur
375 4612 529 4678 Hiibnerus,
549 4613 628 4662 etiam
647 4612 770 4662 coloniae
790 4613 957 4664 conveniunt.
997 4613 1036 4664 CI.
1057 4615 1251 4664 Mommsenum
1271 4615 1349 4668 IRN.
1369 4632 1394 4682 p.
1408 4615 1468 4669 479.

395 4705 406 4740 ⁶
425 4703 437 4740 ⁶
455 4708 528 4758 Ordo
549 4707 655 4776 alphab.
675 4708 828 4775 cormptelis
847 4716 887 4760 est
905 4711 1082 4775 perturbatus.
