3634 5242
908 344 947 403 39

286 529 304 588 l.
328 528 344 589 l.
368 546 395 604 p.
413 531 451 588 96
468 524 535 604 sq.),
559 528 614 585 sed
635 526 764 600 primum
785 542 858 584 num
881 522 1025 582 Panormi
1048 522 1107 582 sint
1129 523 1280 582 incertum
1302 530 1360 591 est,
1383 522 1500 581 deinde
1519 541 1582 600 quo

288 646 424 714 tempore
454 637 517 696 cusi
546 637 606 694 sint
632 653 696 692 non
719 641 843 693 constat
855 630 874 690 ¹.
919 632 1011 712 Nullo
1033 632 1124 707 igitur
1145 633 1241 690 modo
1265 631 1351 690 Plinii
1374 633 1581 692 testimonium

290 747 485 820 redarguitur.
529 744 731 820 Municipium
754 743 837 801 lacta
858 751 905 799 est
928 741 1095 799 Panormus
1118 760 1144 800 a.
1168 743 1219 810 44,
1241 741 1389 818 oppidum
1412 742 1582 818 stipendia-

288 856 361 913 riurn
385 857 466 914 bello
491 855 601 924 Sicul0,
636 853 746 911 ultimis
776 852 909 926 denique
932 851 1064 925 Augusti
1089 859 1142 908 aut
1170 851 1272 926 primis
1295 851 1410 909 Tiberii
1439 850 1582 927 principis

287 965 372 1024 annis
393 965 522 1023 colonia.

384 1073 556 1132 Reicienda
580 1071 713 1146 denique
737 1079 807 1128 sunt
831 1070 889 1127 alia
912 1087 992 1144 quae
1015 1069 1130 1127 leviora
1151 1078 1235 1145 puto.
1279 1069 1450 1146 Hyblenses
1465 1065 1487 1145 2,
1518 1069 1580 1128 Ge·

286 1183 348 1242 lani
359 1179 560 1252 ³,.Selinuntii
570 1176 592 1250 4,
624 1179 745 1255 Erycini
758 1175 779 1245 ⁵,
812 1177 861 1236 alii
883 1195 956 1234 num
978 1178 1194 1252 rempublicam
1216 1177 1380 1236 habuerint
1401 1177 1433 1235 in
1454 1179 1581 1238 dubium

288 1301 421 1350 vocatur.
466 1290 562 1363 Quod
590 1289 759 1347 accuratius
786 1306 849 1345 non
876 1287 1057 1364 perquiram.
1112 1287 1193 1346 Nam
1223 1289 1294 1347 licet
1323 1289 1438 1365 oppida
1469 1289 1580 1366 Hybla,

288 1401 363 1459 Gela
385 1409 444 1458 cet.
467 1400 597 1475 Augusti
622 1407 759 1473 ternpore
783 1415 846 1455 non
866 1397 1043 1468 exstiterint,
1066 1398 1099 1455 id
1122 1399 1207 1474 quod
1232 1399 1412 1476 plerumque
1445 1401 1580 1458 nonde

289 1518 487 1569 monstratum
510 1526 577 1567 esse
599 1517 685 1585 puto,
715 1507 774 1566 hoc
796 1506 882 1565 Plinii
904 1507 1071 1565 auctoritas
1093 1525 1157 1564 non
1181 1507 1361 1583 infringitur.
1406 1509 1487 1566 Nam
1510 1527 1580 1585 pos·

288 1629 355 1679 sunt
376 1617 569 1676 nihilominus
592 1617 773 1694 Hyblenses,
798 1616 909 1674 Gelani
932 1625 990 1676 cet.
1016 1617 1109 1674 luisse
1133 1616 1279 1690 civitates,
1303 1617 1436 1677 rusticae
1454 1619 1579 1689 scilicet,

288 1727 393 1804 quibus
426 1727 555 1785 fortasse
583 1725 655 1784 nihil
685 1727 741 1784 fuit
768 1726 826 1784 nisi
854 1726 945 1785 curia.
1000 1724 1137 1784 Consilio
1172 1727 1329 1802 Augustus
1364 1745 1427 1786 non
1464 1729 1582 1804 scripsit

287 1835 392 1916 Apula,
422 1835 504 1906 Gela,
527 1837 584 1894 sed
604 1837 716 1894 ethnici
739 1837 836 1894 forma
859 1853 931 1895 usus
954 1846 1012 1907 est,
1035 1837 1120 1912 quod
1144 1836 1283 1895 civitates
1307 1837 1334 1898 ei
1350 1847 1438 1896 erant
1454 1856 1579 1896 enume-

285 1946 397 2004 randae
422 1955 453 2004 et
473 1947 608 2005 urbanae
631 1953 664 2003 et
685 1946 827 2004 rusticae.

382 2055 447 2113 Iam
470 2053 633 2114 laterculos
657 2055 814 2130 Augustos
838 2073 907 2114 curn
932 2055 973 2114 eis
996 2056 1200 2124 conferamus,
1224 2059 1276 2134 qui
1298 2057 1488 2117 eCiceronis
1512 2075 1579 2117 ora·

282 2165 416 2224 tionibus
439 2167 470 2222 in
484 2165 613 2222 Verrem
635 2165 714 2222 sumi
735 2173 875 2239 possunt.
920 2165 1051 2224 Primum
1073 2166 1107 2224 id
1129 2167 1433 2226 commemorandum
1448 2168 1578 2228 existere

282 2276 366 2351 apud
387 2275 561 2350 Augustum
582 2273 681 2331 nullas
704 2275 842 2332 civitates
865 2275 1020 2334 censorias
1043 2285 1074 2334 et
1096 2277 1294 2355 decumanae,
1318 2295 1398 2354 quae
1418 2276 1577 2336 Ciceronis

282 2391 419 2458 tempore
456 2382 540 2439 fuere
572 2383 719 2458 plurimae
730 2379 752 2454 ⁶,
789 2384 845 2440 sed
876 2384 985 2442 multas
1017 2385 1240 2463 stipendiariam,
1274 2404 1354 2462 quae
1377 2395 1468 2445 antea
1491 2387 1576 2445 suere

286 2494 395 2553 nullae.
438 2491 560 2549 Desunt
581 2492 695 2550 deinde
717 2493 801 2567 apud
823 2493 994 2570 Augustum
1016 2495 1181 2553 nonnullae
1208 2494 1356 2563 civitates,
1390 2511 1469 2570 quae
1493 2500 1578 2572 apud

285 2601 465 2660 Ciceronem
487 2599 693 2660 inveniuntur:
732 2601 883 2672 Acherini,
914 2603 1122 2681 Amestratini,
1155 2603 1399 2680 Apollonienses,
1433 2604 1577 2680 Capitini,
1633 2588 1635 2600 ¹

282 2711 405 2780 Elorini,
426 2710 658 2781 HeracleenseS,
681 2711 808 2770 Inenses
821 2707 842 2771 ⁷.
887 2711 978 2784 Quae
1000 2713 1142 2771 videntur
1163 2713 1243 2771 bello
1265 2712 1364 2772 Siculo
1386 2713 1577 2773 intercidisse

281 2829 334 2880 aut
357 2822 396 2879 ab
418 2822 558 2895 Augusto
582 2819 648 2879 aliis
671 2821 843 2880 civitatibus
865 2821 1007 2880 adiectae
1030 2839 1108 2882 esse.

380 2929 490 2988 Restat
512 2938 545 2987 ut
567 2947 628 3005 quo
650 2937 787 3007 tempore
803 2930 939 2988 laterculi
953 2931 1084 3008 Augusti
1100 2931 1203 3009 scripti
1219 2932 1279 2990 sint
1294 2949 1457 3009 exponam.
1482 2929 1578 3003 Quod

189 3075 190 3078 =
283 3037 464 3097 factumest
485 3048 556 3115 post
580 3057 607 3099 a.
632 3043 668 3100 21
696 3059 757 3119 quo
780 3040 949 3118 Syracusae
972 3041 1113 3118 aliaeque
1140 3043 1278 3101 coloniae
1307 3043 1463 3100 deductae
1492 3049 1577 3113 sunt;

280 3147 312 3205 id
329 3147 450 3232 ‚factum
473 3167 541 3208 esse
562 3157 635 3208 ante
658 3151 781 3209 ultimos
803 3151 936 3226 Augusti
958 3169 1056 3209 annos
1084 3151 1184 3209 multis
1209 3151 1356 3228 exemplis
1380 3150 1579 3210 ostendimus.
1629 3131 1633 3140 ⁵

380 3342 391 3380 1
409 3346 494 3396 Klein
514 3347 533 3400 l.
551 3347 570 3400 l.
589 3363 636 3399 eos
655 3365 723 3399 anno
741 3365 763 3400 a.
783 3349 812 3400 C.
833 3347 867 3400 12
887 3347 1022 3407 adscribit,
1042 3348 1090 3398 sed
1110 3348 1190 3398 firmis
1209 3347 1370 3411 argumentis
1388 3345 1478 3398 nullis.

380 3440 392 3478 ἓ
410 3445 469 3497 CIL
485 3442 510 3496 Χ
529 3460 555 3510 p.
574 3443 632 3498 720.
784 3441 796 3479 Β
813 3446 831 3498 l.
850 3445 869 3498 l.
887 3462 914 3512 p.
933 3444 993 3498 737.
1143 3440 1157 3478 ⁴
1173 3444 1191 3496 l.
1211 3443 1230 3496 l.
1249 3460 1276 3510 p.
1296 3442 1356 3497 739.

377 3537 458 3593 ⁵1.1.
478 3557 504 3606 p.
524 3540 584 3594 746.
720 3537 902 3607 6Marquardt
920 3543 1002 3594 Rbm.
1022 3539 1271 3604 Staatsverwaltung
1290 3535 1322 3590 Ι9
1339 3557 1365 3606 p.
1385 3537 1438 3592 244
1457 3556 1496 3606 sq.

379 3634 455 3688 tAd
475 3639 590 3690 civitates
609 3657 624 3688 a
643 3639 825 3706 Marquardtio
847 3639 903 3692 1.l.
924 3639 984 3692 adn.
1006 3639 1039 3692 13
1068 3638 1227 3704 compositas
1256 3638 1386 3688 accedunt
1396 3629 1525 3688 'Scherini
1552 3642 1580 3686 et

279 3735 401 3799 Tyracini
420 3733 460 3798 (in
480 3736 556 3788 Verr.
574 3737 602 3784 H
620 3735 646 3798 3,
666 3735 723 3787 103.
745 3734 817 3803 129).
854 3737 1037 3786 Mommsenus
1057 3736 1211 3786 Ciceronem
1231 3740 1337 3785 secutus
1355 3734 1415 3784 CIL
1432 3733 1458 3786 X
1481 3751 1506 3800 p.
1527 3732 1579 3786 713

278 3831 349 3896 apud
369 3831 483 3881 Plinium
502 3831 636 3882 desiderat
655 3832 835 3899 Assoritanos,
853 3833 1073 3899 Apollonienses,
1093 3832 1250 3898 Calactinos‚
1270 3831 1421 3897 Capitinos,
1445 3830 1578 3896 Elorinos,

280 3927 478 3982 Heracleenses.
515 3929 569 3979 Sed
587 3929 761 3979 Assoritanos
780 3945 835 3980 non
853 3930 941 3980 inveni
962 3931 1031 3997 apud
1050 3930 1214 3995 Ciceronem,
1238 3928 1367 3979 Calactini
1388 3929 1483 3978 adsunt
1508 3927 1579 3993 apud

278 4024 394 4074 Plinium
414 4025 518 4076 diversa
536 4026 635 4077 scilicet
653 4027 767 4077 nominis
788 4027 886 4081 iorma:
906 4029 1058 4079 Galacteni.
1079 4055 1112 4064 -
1131 4026 1224 4076 Liceat
1240 4025 1305 4076 mihi
1323 4025 1367 4075 hic
1386 4025 1491 4076 adicere
1509 4026 1579 4074 Mar·

280 4121 428 4187 quardtiurn
447 4122 563 4173 civitates
582 4123 746 4190 Sicilienses,
777 4139 843 4190 quae
862 4124 934 4174 luere
958 4129 1075 4190 tempore
1103 4121 1204 4174 liberae
1229 4121 1398 4189 reipublicae,
1426 4137 1480 4170 non
1507 4127 1578 4170 recte

280 4218 400 4268 divisisse
419 4218 483 4268 mihi
502 4219 594 4270 videri.
631 4220 709 4270 Certe
729 4220 798 4270 enim
817 4221 935 4270 civitates
955 4221 1090 4270 censoriae
1104 4236 1156 4270 non
1174 4221 1249 4270 fuere
1261 4217 1296 4270 26
1308 4232 1414 4269 numero
1434 4218 1466 4268 cf.
1481 4217 1534 4268 Cic.
1551 4217 1579 4267 in

278 4315 356 4364 Verr.
376 4313 401 4373 3,
420 4313 445 4380 6,
467 4313 500 4365 13
514 4322 714 4379 perpaucae
734 4317 847 4366 Siciliae
865 4319 988 4366 civitates
1007 4323 1074 4366 sunt
1090 4317 1159 4366 bello
1179 4333 1196 4365 a
1221 4316 1369 4365 maioribus
1397 4317 1499 4364 nostris
1517 4316 1577 4363 sub-

278 4417 378 4462 actae.
400 4449 405 4462 .
426 4449 432 4462 .
452 4413 476 4460 is
494 4427 565 4474 ager
583 4429 600 4460 a
619 4415 775 4463 censoribus
794 4417 883 4468 locari
899 4416 974 4464 solet.
1012 4415 1099 4479 Quare
1113 4429 1163 4476 ego
1177 4429 1208 4463 ex
1217 4411 1288 4462 Livii
1298 4411 1355 4462 loco
1373 4411 1576 4476 aMarquardtio

278 4505 359 4556 allato
377 4505 434 4572 (26,
454 4505 498 4573 40,
519 4505 562 4575 14)
581 4523 624 4558 eas
643 4507 727 4558 fuisse
746 4509 762 4561 6
783 4525 892 4559 numero
912 4509 1072 4560 concludere
1090 4509 1188 4561 malim.
1225 4510 1391 4559 Decumanae
1410 4507 1491 4571 igitur
1504 4508 1576 4560 suere

278 4601 380 4652 circiter
400 4600 443 4654 51.
481 4603 575 4655 Cicero
595 4605 631 4667 (in
649 4606 725 4658 Verr.
744 4606 772 4654 H
789 4605 817 4673 3)
836 4621 879 4656 eas
898 4613 966 4656 certe
986 4606 1057 4657 solas
1076 4607 1193 4657 nominat
1212 4605 1341 4666 civitates,
1360 4605 1389 4655 in
1402 4620 1465 4670 quas
1478 4605 1575 4656 Verres

277 4697 412 4750 saevierat.
