3634 5242
890 313 930 372 32

263 497 392 572 Augusti
414 505 447 554 et
469 496 624 555 Ciceronis
651 495 839 570 Diodorique
863 495 1038 554 testimonia
1067 497 1146 554 inter
1179 515 1212 553 se
1243 515 1381 573 pugnare
1412 498 1559 558 videntur.

263 606 326 664 Sed
348 607 408 663 iam
431 607 522 664 video
546 607 705 680 quomodo
729 604 942 664 difficultatem
963 605 1044 663 hanc
1066 623 1251 681 superemus.
1296 608 1337 666 Et
1358 609 1398 666 ab
1421 608 1560 684 Augusto

264 725 295 773 et
317 715 356 771 ab
380 713 445 771 aliis
470 715 704 789 imperatoribus
728 715 866 772 civitates
889 715 1022 789 singulas
1045 715 1205 790 privilegiis
1229 717 1291 772 suis
1326 734 1396 774 esse
1429 718 1561 792 privatas

263 825 363 882 multis
383 825 599 898 comprobatur
620 823 777 898 exemplis.
822 822 952 882 Constat
974 823 1089 882 deinde
1116 827 1287 899 Augustum
1300 846 1304 854 “
1317 825 1472 884 civitatem
1494 826 1560 882 Ro·

261 950 383 991 manam
403 933 579 1008 parcissime
598 933 722 990 dedisse
744 940 836 1008 atque
854 933 946 990 etiam
966 934 1072 990 datam
1092 935 1246 992 ademisse
1269 929 1319 1007 (cf.
1335 951 1426 1010 supra
1442 953 1470 1010 p.
1487 932 1558 1009 13).

263 1041 363 1098 Licuit
383 1042 518 1118 denique
540 1041 568 1099 ei
591 1041 711 1116 petius
732 1041 801 1100 belli
823 1043 863 1098 de
885 1042 984 1099 insula
1004 1043 1095 1100 armis
1118 1052 1262 1118 superata
1282 1043 1407 1102 liberum
1422 1043 1500 1102 ferre
1515 1044 1560 1101 iu·

262 1149 382 1210 dicium.
426 1149 534 1226 Itaque
558 1152 756 1208 statuendum
780 1159 855 1226 puto
877 1152 1046 1226 Augustum
1073 1151 1195 1209 Siciliae
1218 1172 1245 1213 a.
1267 1155 1306 1213 36
1334 1153 1486 1212 civitatem
1519 1153 1558 1209 ab

261 1259 398 1317 Antonio
423 1261 529 1318 datam
551 1261 713 1319 ademisse.
759 1258 883 1317 Punitas
903 1277 971 1317 esse
994 1261 1085 1318 urbes
1108 1261 1174 1319 eius
1195 1279 1274 1337 quae
1297 1263 1479 1322 resistebant
1497 1261 1558 1319 Dio

262 1367 385 1426 Cassius
407 1369 494 1426 testis
517 1377 565 1426 est
589 1364 652 1446 (49,
678 1368 739 1444 12).
783 1369 877 1426 Porro
892 1368 1044 1428 civitatem
1065 1369 1171 1428 Siculis
1187 1388 1367 1430 concessam
1382 1391 1446 1430 rem
1464 1373 1558 1430 luisse

260 1477 457 1552 praecipitem
479 1486 511 1535 et
531 1478 702 1536 inauditam
720 1497 739 1536 e
761 1476 917 1535 Ciceronis
939 1479 1036 1535 verbis
1059 1479 1168 1538 elucet.
1206 1479 1347 1555 Denique
1370 1483 1470 1541 bonus
1485 1500 1555 1558 pro·

261 1587 379 1644 vinciae
403 1595 500 1645 status
523 1587 611 1657 bello,
645 1604 707 1663 quo
730 1588 808 1644 servi
830 1589 923 1644 etiam
957 1588 1074 1662 plurimi
1105 1605 1261 1662 sumpsere
1294 1608 1387 1662 arma,
1421 1591 1558 1648 funditus

259 1705 325 1754 erat
350 1713 482 1758 eversus

360 1807 401 1864 At
423 1806 534 1863 dixerit
554 1806 720 1881 quispiam:
745 1806 802 1862 loci
823 1806 864 1863 illi
888 1804 1016 1862 Diodori
1038 1813 1156 1880 posta.
1180 1807 1219 1864 36
1245 1805 1348 1880 scripti
1370 1814 1451 1864 sunt.
1495 1805 1557 1864 Sed

258 1915 396 1990 primum,
418 1933 468 1972 me
490 1914 613 1989 quidem
646 1914 757 1988 iudice,
782 1914 938 1971 Diodorus
962 1913 1115 1970 civitatem
1142 1911 1248 1970 Siculis
1283 1915 1387 1970 datam
1423 1932 1557 1972 comme·

258 2041 378 2080 morare
399 2024 500 2098 potuit
522 2023 616 2080 etiam
638 2040 700 2098 quo
722 2030 860 2097 tempore
882 2023 942 2079 iam
966 2030 1032 2078 erat
1054 2023 1175 2093 amissa,
1198 2021 1313 2080 deinde
1336 2022 1462 2096 quando
1480 2020 1556 2078 Dio·

259 2133 353 2189 dorus
373 2132 422 2189 illa
446 2132 597 2208 scripserit
613 2133 738 2190 omnino
753 2149 816 2188 non
828 2139 960 2192 constat.
1004 2130 1098 2203 Quod
1110 2133 1169 2189 iarn
1183 2132 1355 2189 accuratius
1369 2131 1553 2206 perquiram.

381 2419 545 2477 Diodori
567 2419 799 2478 bibliotheca
822 2421 972 2497 quando
995 2419 1139 2496 scripta
1159 2421 1207 2477 sit
1228 2420 1441 2496 exponitur.

359 2572 430 2645 Quo
469 2581 608 2647 ternpore
641 2571 792 2646 scripserit
816 2570 971 2628 Diodorus
1007 2571 1169 2629 enucleare
1207 2571 1311 2629 studet
1344 2571 1553 2630 Mommsenus

258 2681 428 2753 (Rdmr'rche
450 2680 659 2756 Forschung‘en
679 2681 709 2738 II
730 2699 759 2756 p.
773 2682 833 2742 267
856 2681 928 2740 adn.
941 2675 1007 2757 61):
1030 2679 1150 2739 Diodor
1169 2679 1283 2738 schre'eh
1303 2679 1376 2736 nach
1399 2681 1459 2737 dem
1478 2680 1552 2736 Tude

258 2793 305 2848 des
325 2792 479 2848 De'ciutors
503 2791 613 2851 Caesar
634 2792 654 2865 (
654 2812 675 2866 1,
694 2788 730 2863 4)
752 2791 816 2848 und
834 2791 907 2848 nach
930 2792 982 2847 der
1007 2789 1155 2864 Ordnung
1177 2787 1315 2846 Se'ce'liens
1337 2789 1428 2845 durch
1456 2791 1552 2846 dessen

258 2898 335 2958 Sohn
358 2897 411 2971 (16,
433 2895 473 2976 7),
497 2901 559 2957 also
581 2900 654 2957 nach
678 2904 748 2972 718,·
768 2899 839 2956 aher
866 2901 903 2956 da
931 2919 963 2956 er
989 2900 1051 2955 sein
1084 2897 1162 2955 Werh
1193 2899 1247 2954 mr't
1274 2899 1334 2954 dem
1364 2903 1457 2954 ersten
1484 2895 1553 2955 (hn-

256 3011 338 3067 sulae
363 3010 486 3068 Caesare
510 3016 562 3081 695
594 3010 703 3067 schlors
729 3009 792 3066 und
816 3008 923 3066 Caesar
958 3009 1011 3065 den
1044 3005 1122 3064 Sohn
1151 3007 1231 3064 nicht
1261 3007 1307 3064 als
1327 3007 1479 3082 Augustus
1509 3005 1553 3063 he-

256 3120 390 3188 zeichnet,
412 3137 443 3174 so
467 3118 520 3176 hat
540 3137 572 3175 er
586 3117 824 3174 wahrscher'nlich
846 3136 900 3176 vor
919 3117 979 3173 dem
991 3114 1147 3173 Abschluss
1162 3117 1214 3174 der
1225 3114 1447 3194 Bhrgerkriege
1462 3117 1552 3174 durch

256 3229 302 3284 die
324 3226 462 3286 Schlacht
493 3227 540 3284 hei
561 3228 676 3285 Actium
713 3225 790 3301 (723)
820 3229 883 3284 und
913 3245 965 3283 vor
992 3225 1114 3283 Caesare
1136 3226 1287 3283 Annahme
1318 3227 1364 3283 des
1386 3225 1552 3302 Augustus·

256 3357 373 3394 numeres
396 3334 473 3412 (727)
501 3337 562 3393 sein
596 3335 675 3394 Werh
703 3334 863 3413 ahgesasst.
912 3335 973 3393 Die
1006 3334 1229 3411 (hergestaltung
1255 3337 1303 3393 des
1330 3333 1553 3395 Slammhaunres

257 3448 308 3504 der
329 3446 431 3523 Julr'er
452 3447 535 3503 wr‘rd
553 3446 583 3503 r'n
606 3443 722 3502 dr‘eselbe
749 3444 813 3502 Zeit
823 3441 929 3521 fallen
951 3445 1015 3501 und
1035 3463 1088 3502 aus
1111 3443 1258 3502 denselhen
1283 3443 1411 3503 Mule'mn
1433 3443 1552 3499 hervor-

253 3575 409 3631 gegangeu
434 3558 495 3613 sein
523 3557 577 3613 rure
600 3557 645 3612 die
670 3553 874 3613 Consecrutr'on
910 3552 1039 3632 Caesars,
1069 3554 1175 3612 welche
1201 3554 1318 3611 Dr'odor
1348 3552 1421 3609 auch
1451 3551 1552 3619 hennt;

256 3666 301 3721 die
322 3666 423 3722 rasche
454 3665 642 3740 Verhrer'lung
661 3665 713 3722 der
737 3663 871 3737 Legenda
893 3666 931 3720 ist
951 3663 1031 3720 nicht
1050 3662 1224 3738 auffallend,
1248 3665 1285 3719 da
1306 3663 1345 3718 sr'e
1360 3679 1396 3717 zu
1418 3661 1469 3717 der
1487 3658 1555 3736 qsfi·

255 3775 345 3831 cr'r'iren
378 3773 541 3833 Adulation
581 3774 695 3848 gehh‘rt.
750 3773 873 3831 Deinde
907 3775 990 3832 idem
1023 3775 1063 3831 ad
1094 3775 1190 3831 modo
1219 3774 1312 3830 citata
1344 3771 1374 3847 (l.
1398 3773 1414 3831 l.
1437 3789 1466 3847 p.
1493 3774 1555 3832 549

255 3883 391 3958 adn.1):
428 3885 483 3970 Ich¹
499 3885 573 3942 habe
604 3902 642 3940 an
666 3885 759 3940 dieser
781 3881 873 3941 Stelle
904 3883 1077 3952 r‘e'hersehen,
1108 3885 1175 3940 dass
1204 3883 1249 3938 die
1279 3878 1482 3957 Ausfrihrung
1504 3883 1556 3938 der

261 3995 377 4053 Colom'e
403 3996 643 4064 Tauromenium,
674 3993 781 4052 welche
804 3993 920 4050 Drbdor
952 3993 1040 4050 hennt
1068 3990 1119 4066 (16,
1141 3989 1180 4069 7l,
1214 3991 1288 4049 nach
1316 3993 1366 4047 der
1389 3991 1479 4050 Noh'e
1514 3991 1560 4048 her'

255 4104 325 4164 Dio.
347 4122 392 4176 54,
415 4120 430 4177 7
452 4105 481 4162 in
505 4104 559 4158 das
580 4102 611 4179 J.
635 4118 685 4175 733
708 4121 744 4159 zu
766 4108 859 4159 seteen
882 4103 929 4167 ist,
949 4103 1010 4159 also
1033 4101 1160 4158 Dr'odors
1182 4098 1260 4157 Werh
1283 4107 1374 4157 etwas
1395 4103 1494 4175 spdler
1505 4119 1554 4176 ge·

254 4212 401 4271 schrr'eben
424 4214 471 4280 rit,
494 4214 541 4270 alr
562 4212 605 4270 r'ch
628 4214 697 4292 der!
716 4230 920 4288 angerrommere
944 4210 1027 4272 habe.
1083 4209 1145 4267 Sed
1180 4210 1282 4285 plures
1305 4210 1364 4268 loci
1391 4210 1476 4285 digni
1503 4210 1554 4285 qui

255 4331 531 4380 commemorentur
565 4322 670 4396 fugere
691 4321 939 4388 Mommsenum‚
975 4338 1069 4396 quare
1102 4337 1245 4377 numeros
1266 4320 1408 4377 librorum
1429 4326 1552 4378 secutus

254 4449 308 4490 eos
330 4449 398 4488 cum
421 4431 530 4489 ceteris
552 4430 684 4489 afferam.

356 4544 383 4611 1,
404 4543 435 4610 4,
460 4545 475 4600 1
500 4539 607 4600 Dind:
629 4535 754 4615 Διόπερ
776 4533 867 4615 ἡμεῖς
889 4536 1033 4616 ὁρῶντες
1055 4535 1114 4614 τὴν
1129 4533 1285 4602 ὑπόθεσιν
1305 4533 1552 4615 χρησιμωτάτην

254 4649 312 4726 μὲν
334 4645 448 4726 οὖσαν,
475 4648 600 4711 πολλοῦ
621 4646 658 4709 δὲ
679 4643 784 4710 πόνου
806 4646 859 4708 καὶ
880 4645 999 4725 χρόνου
1018 4645 1271 4724 προςδεομένην,
1302 4643 1473 4723 τριάκοντα
1494 4643 1551 4720 μὲν

1698 167 1795 610 l
