3634 5242
871 359 910 418 28

346 535 454 611 Scripti
477 545 548 594 sunt
569 537 717 614 laterculi,
739 547 773 597 ut
794 541 888 598 modo
904 540 1044 611 diximus,
1068 549 1139 601 ante
1154 542 1276 603 ultimos
1289 544 1418 620 Augusti
1437 565 1542 616 annos,

248 661 302 700 eos
326 653 398 702 ante
420 645 577 703 Tiberium
599 647 787 722 compositos
811 666 880 706 esse
904 668 941 709 ex
974 669 1011 708 eo
1044 651 1187 726 sequitur,
1224 655 1310 727 quod
1343 673 1370 715 a.
1395 675 1425 730 p.
1448 655 1481 716 C.
1507 659 1543 713 14

248 753 434 812 coloniarum
447 755 654 830 Augustarum
664 755 852 832 privilegium
869 758 1076 834 suffragiorum
1090 760 1242 820 sublatum
1258 770 1305 820 est
1320 759 1423 839 (supra
1432 783 1465 840 p.
1478 759 1541 839 25).

726 1038 798 1116 IV.
838 1041 1061 1137 Illyricum.

345 1219 463 1278 Eodem
494 1223 588 1278 modo
625 1222 813 1298 descriptum
848 1232 895 1282 est
930 1242 991 1300 quo
1014 1224 1164 1301 Hispania
1197 1224 1408 1284 Narbonensis
1443 1227 1540 1289 Italia.

247 1326 352 1400 Quare
375 1347 413 1384 ex
436 1329 575 1403 Augusto
598 1340 743 1407 excerpta
764 1333 923 1392 videntur:

394 1437 436 1494 ΙΙΙ
457 1439 515 1496 139
536 1437 633 1498 Detl.:
657 1439 915 1516 „Conventum
936 1443 1257 1502 Scardonitanum
1279 1453 1389 1519 petunt
1409 1445 1542 1522 Iapudes

395 1555 425 1604 et
446 1547 649 1606 Liburnorum
673 1550 809 1609 civitates
831 1551 928 1628 XIIII,
953 1571 989 1610 ex
1013 1552 1123 1629 quibus
1148 1553 1353 1623 Lacinienses,
1375 1553 1542 1630 Stulpinos,

394 1657 562 1724 BurnistaS‚
598 1657 792 1718 Olbonenses
821 1661 979 1718 nominare
1002 1679 1067 1719 norr
1097 1657 1229 1737 pigeat1.
1273 1661 1334 1720 lus
1367 1662 1544 1721 Italicum

393 1765 511 1825 habent
531 1784 570 1825 eo
586 1777 738 1826 conventu
755 1769 873 1844 Alutae,
895 1770 1034 1829 Flanates
1057 1768 1089 1845 (a
1111 1771 1220 1846 quibus
1244 1771 1327 1828 sinus
1343 1769 1540 1844 nominatur),

394 1875 499 1950 Lopsi,
522 1874 708 1936 varvarini2.
741 1877 1005 1952 immunesque
1028 1880 1199 1938 Asseriates
1222 1887 1255 1937 et
1275 1897 1312 1937 ex
1344 1879 1447 1937 insulis
1470 1879 1541 1937 Fer-

393 1983 505 2040 tinates
529 1981 699 2044 Cunctaet.
747 1987 821 2046 140:
837 1986 957 2045 Insulae
973 1983 1051 2062 (eius
1067 1981 1164 2064 sinus)
1185 2005 1253 2046 cum
1269 1987 1390 2064 oppidis
1406 1986 1541 2064 (praeter

394 2111 486 2169 supra
508 2093 707 2168 significatas)
732 2095 915 2166 Absortium,
940 2095 1032 2164 Arba,
1065 2096 1165 2165 Crexi,
1197 2096 1299 2165 Gissa,
1322 2091 1539 2157 Portunata4.“

344 2203 392 2261 Ex
413 2203 547 2279 periplo:

396 2313 470 2372 140:
494 2313 667 2382 „colonia
689 2308 809 2373 Iader.“

396 2521 470 2581 142:
495 2521 625 2591 „Petunt
647 2522 678 2579 in
694 2517 782 2581 eam⁶
801 2523 866 2581 iura
881 2524 993 2581 viribus
1012 2523 1163 2598 discriptis
1179 2525 1210 2582 in
1224 2524 1363 2584 decurias
1379 2525 1543 2586 CCCXLII

393 2629 563 2701 Delmatae,
586 2631 676 2689 XXV
691 2631 794 2704 Danti,
818 2631 1048 2691 CCXXXVIIII
1063 2633 1214 2710 DitioneS,
1238 2633 1434 2692 CCLXVIIII
1454 2635 1540 2693 Mae·

394 2741 470 2809 zaei,
493 2740 547 2799 LII
570 2741 733 2800 Sardeates
756 2786 763 2802 .
788 2787 795 2802 .
820 2791 826 2804 .
852 2741 964 2802 Petunt
986 2750 1017 2799 et
1040 2760 1078 2798 ex
1101 2743 1205 2800 insulis
1227 2743 1330 2816 Issaei,
1365 2740 1540 2819 Solentiniss,

392 2849 506 2926 Separi,
529 2847 702 2927 Epetini⁷.“

345 2959 391 3018 Ex
414 2960 544 3036 periplo:
1276 3028 1278 3032 .

395 3069 469 3128 141:
493 3069 694 3146 „Tragurium
728 3070 860 3129 civium
891 3071 1213 3131 Romanorum...
1241 3070 1352 3130 Salona
1382 3069 1538 3130 colonia.

395 3180 468 3241 152:
491 3178 557 3236 Issa
580 3177 712 3236 civium
733 3181 1010 3240 Romanorum.“

395 3393 468 3450 142:
492 3387 568 3469 „llll
580 3390 677 3450 Varro
689 3390 893 3449 LXXXVIIII
916 3391 1053 3448 civitates
1076 3386 1133 3450 e0⁸
1156 3393 1324 3450 ventitasse
1346 3399 1454 3449 auctor
1468 3383 1540 3463 est).

397 3503 470 3560 143:
492 3519 575 3559 nunc
598 3500 654 3558 soli
675 3518 771 3576 prope
793 3509 961 3558 noscuntur
976 3499 1108 3558 Cerauni
1124 3501 1253 3559 decuriis
1277 3501 1404 3575 XXIIII,
1428 3499 1542 3556 Daursi

246 3599 445 3610 ——.—-

344 3628 355 3666 ¹
382 3633 507 3698 Excerpsi
544 3632 610 3682 haec
641 3632 750 3682 conlatis
788 3631 933 3698 Hispaniae
969 3633 1174 3682 Tarraconensis
1203 3631 1374 3683 conventibus
1406 3628 1543 3679 Cluniensi

244 3739 270 3781 et
286 3733 393 3780 Asturo.

344 3823 355 3860 ²
374 3828 415 3876 Ita
435 3825 673 3892 interpungendum
691 3841 748 3876 esse
767 3840 799 3875 ex
819 3823 912 3876 ordine
931 3825 1093 3890 alphabetico
1112 3825 1237 3890 sequitur.
1274 3825 1321 3874 Ad
1344 3825 1423 3874 verba
1449 3827 1543 3874 immu-

244 3940 345 3990 nesque
363 3922 538 3990 supplendum
556 3928 597 3971 est
615 3930 689 3988 sunt,
708 3923 781 3988 quod
799 3921 866 3972 vidit
884 3921 1018 3987 Zumplius
1037 3937 1130 3972 comm.
1149 3937 1189 3986 ep.
1209 3922 1222 3968 I
1240 3919 1294 3972 480
1313 3935 1352 3985 sq.

345 4016 356 4053 3
374 4021 433 4070 CIL
451 4021 493 4068 III
512 4035 537 4071 n.
557 4018 636 4071 3126.

344 4113 461 4182 IQuale
480 4132 569 4167 eorum
587 4116 667 4168 suerit
695 4118 736 4167 ius
763 4133 849 4183 neque
874 4117 916 4168 his
943 4132 1030 4182 neque
1059 4116 1175 4180 gentium
1194 4131 1262 4181 quae
1281 4121 1402 4166 secuntur
1432 4115 1541 4166 decuriis
1576 4157 1580 4166 .

245 4214 319 4264 addit
337 4213 449 4280 Plinius,
475 4213 522 4262 sed
540 4229 571 4264 ex
590 4228 623 4263 eo
643 4214 716 4279 quod
736 4221 903 4280 opponuntur
921 4214 978 4264 iure
996 4213 1087 4262 Italico
1117 4218 1144 4261 et
1171 4211 1332 4262 immunitate
1361 4213 1464 4262 donatis
1494 4228 1541 4262 eos

246 4310 430 4377 stipendiarios
454 4310 537 4360 luisse
569 4310 750 4374 colligendum
779 4318 824 4362 est.
862 4310 1022 4360 Conferendi
1050 4306 1193 4374 Hispaniae
1220 4316 1363 4360 conventus
1391 4309 1541 4360 Cluniensis

245 4409 359 4459 Asturus
378 4409 528 4458 Bracarum.
688 4403 760 4459 ⁵Sc.
779 4406 913 4458 Salonam.

345 4500 357 4536 ⁶
377 4507 417 4554 Ita
437 4504 604 4554 scribendum
624 4504 730 4554 conlato
751 4503 810 4554 CIL
828 4505 870 4554 111
888 4521 914 4569 p.
934 4502 994 4555 396.

345 4598 355 4636 ⁷
374 4601 513 4652 Disturbat
528 4602 648 4652 ordinem
668 4601 870 4667 alphabeticum,
890 4602 937 4650 sed
957 4617 1010 4650 non
1028 4607 1177 4666 corruptum
1196 4607 1260 4667 puto
1274 4601 1306 4652 ci.
1321 4600 1381 4652 CIL
1392 4601 1434 4650 111
1446 4616 1471 4665 p.
1480 4599 1541 4652 303.

345 4696 416 4753 ⁸Sc.
436 4700 578 4750 Naronam.
